2926 4492
700 66 795 159 ¹so

198 269 288 355 (Jug.
313 266 362 348 18,
378 267 412 329 ll
432 274 465 330 et
482 265 530 346 18,
545 266 581 328 4:
606 266 791 350 ,proximos
812 271 921 329 nostro
944 263 1026 326 mari
1046 260 1171 347 locos“)
1194 263 1356 330 confudit:

199 368 284 454 ,Sed
305 376 338 432 et
360 368 469 431 dativo
492 368 587 431 casui
608 406 650 415 -
665 367 749 431 dixit
757 382 803 416 ·-
826 364 1015 431 Sallustius:
1031 368 1192 450 prosimu
1217 366 1357 433 Cartba-

196 473 271 558 9ἰηὶ
290 470 383 534 loco“
400 469 622 556 („proximus“
639 489 711 532 cum
727 468 835 533 dativo
858 475 1077 533 constructum
1098 475 1148 531 est
1160 466 1183 531 J
1185 488 1238 552 ug.
1254 467 1306 551 78,
1317 469 1356 551 23

196 573 247 655 61,
263 573 299 654 2,
324 572 373 653 18,
388 571 424 652 4,
452 569 529 654 Jug.
553 571 602 653 75,
618 571 653 634 6:
689 591 899 656 „proxumam
922 567 1043 655 oppido
1065 570 1220 654 aquam“;
1250 569 1303 651 94,
1318 571 1357 635 5;

197 695 309 758 ,muro
331 676 547 759 proxumus“;
570 672 774 737 accusativus
795 670 913 756 legitur
934 671 1011 756 Jug.
1033 670 1084 752 49,
1100 672 1145 754 6).

280 774 468 859 Antiquitus
489 773 523 836 in
544 772 634 837 libris
656 775 783 859 saepius
798 795 856 860 pro
871 772 963 839 litera
984 778 1040 855 ,e“
1062 772 1181 836 vitiose
1202 772 1357 855 scriptam

196 899 266 942 esse
287 876 412 940 literam
435 878 488 958 ,i“
510 875 605 940 docet
625 875 844 940 testimonium
860 875 1010 939 Arusiani
1026 898 1065 959 p.
1079 875 1155 939 464:
1178 874 1358 958 Digredior

195 979 248 1043 illi
268 979 347 1059 loco,
370 975 446 1045 Sall.
461 977 537 1061 Jug.
560 976 736 1059 „Numidas
759 978 884 1062 quietos
899 999 1003 1061 neque
1021 976 1096 1040 colli
1110 976 1243 1061 diprcdi
1256 976 1359 1039 anim-

196 1081 353 1145 advertit“
377 1082 450 1164 (pro
473 1078 570 1160 „colle
593 1080 747 1164 depredi“
769 1079 845 1163 Jug.
864 1080 965 1160 50,1;
988 1078 1046 1142 sed
1068 1077 1239 1163 „dipredffl
1261 1076 1360 1162 pleri·

198 1203 261 1267 que
282 1180 366 1261 libri,
390 1182 565 1266 „depredffl
587 1180 796 1245 vetustissimi
818 1180 962 1268 habent).
1019 1178 1161 1261 Dubito,
1187 1200 1264 1241 num
1284 1177 1358 1242 Sal·

197 1282 293 1346 lustio
314 1280 512 1347 addicendae
534 1284 598 1348 sint
610 1282 732 1347 formae
754 1288 955 1367 „poteretur“
979 1291 1012 1347 ct
1030 1282 1252 1364 „ludificari“,
1273 1301 1359 1365 quae

197 1407 229 1469 p.
250 1384 313 1450 498
342 1393 374 1448 et
402 1407 436 1469 p.
456 1386 520 1449 490
548 1385 634 1469 apud
664 1384 861 1448 Arusianum
890 1384 1055 1468 leguntur,
1082 1407 1120 1467 p.
1140 1383 1203 1447 498
1232 1381 1361 1447 Potitur

197 1485 292 1568 hujus
312 1485 359 1549 rei
382 1525 418 1533 —
443 1484 508 1563 Sal.
531 1485 607 1570 Jug.
631 1495 696 1569 „ut,
718 1488 908 1572 priusquam
930 1484 1052 1570 legatos
1074 1486 1270 1566 conveniret,
1289 1482 1360 1565 Ad·

197 1585 337 1651 herbalis
354 1592 541 1671 poteretur·“
565 1589 660 1673 (Juq.
683 1589 791 1671 25,10
814 1590 1009 1674 ,potiretur“
1036 1609 1145 1651 omnes
1172 1585 1261 1668 libri,
1289 1586 1359 1652 No-

198 1690 276 1753 nius
291 1710 323 1772 p.
339 1688 411 1768 340,
434 1687 570 1754 Servius
591 1690 632 1752 ad
647 1688 746 1772 Verg.
761 1690 844 1754 Aen.
859 1691 920 1772 III,
935 1690 1007 1754 278.
1051 1689 1215 1753 Priscian.
1231 1688 1361 1770 XVIII,

198 1813 230 1875 p.
253 1791 325 1855 334.
377 1789 426 1853 Of.
453 1789 544 1854 Neue
566 1790 616 1871 ΙΙ,
638 1812 670 1875 p.
692 1793 784 1879 419);
812 1816 849 1876 p.
871 1793 935 1857 490
962 1792 1132 1874 [ludificor
1157 1790 1263 1873 illum,
1293 1790 1375 1855 Sal.-

198 1893 275 1976 Jug.
299 1892 409 1976 „pacis
424 1913 514 1956 mora
523 1895 714 1978 prinoipem
728 1895 919 1977 ludificori“
936 1895 1028 1980 (Jaq.
1043 1893 1095 1974 36,
1110 1896 1129 1955 2
1145 1892 1360 1976 „ladijioarfl

200 2015 310 2057 omnes
331 1992 422 2075 libri,
451 1994 489 2057 cf.
512 1993 601 2058 Neue
623 1995 673 2076 ΙΙ,
702 2018 734 2081 p.
756 1997 819 2060 294
844 2017 892 2081 sq.
948 1995 1024 2079 Jug.
1047 1995 1134 2077 50,4
1164 1993 1358 2077 ,ludificatr‘

198 2097 328 2181 passiva
349 2096 381 2159 vi
403 2095 532 2181 legitur:
555 2097 655 2161 verba
673 2097 865 2182 deponentia
886 2098 1015 2182 saepius
1031 2095 1214 2162 Sallustium
1231 2095 1364 2182 passiva

199 2198 232 2262 vi
253 2220 426 2284 usurpasse
452 2208 591 2281 constat,
624 2200 722 2263 Fabri
744 2200 786 2262 ad
808 2197 879 2268 Oat.
903 2200 932 2280 7,
948 2201 982 2282 33
1006 2199 1045 2262 cf.
1067 2199 1142 2283 Jug.
1168 2198 1239 2279 114,
1253 2199 1283 2278 2,
1305 2196 1364 2262 ubi

199 2300 265 2364 fere
294 2322 403 2365 omnes
430 2299 504 2362 libri
534 2306 709 2381 ,certare“,
739 2301 848 2365 Dium.
867 2323 902 2384 p.
925 2302 987 2366 399
1017 2301 1198 2385 „certari“).
1255 2297 1364 2379 Corte,

200 2424 274 2465 cum
296 2410 429 2486 propter
450 2401 551 2465 verba
573 2403 718 2485 „potior“
740 2412 772 2467 et
801 2401 986 2484 ,ludificor“
1017 2401 1246 2488 grammaticus
1272 2398 1362 2464 locos

201 2502 344 2568 Sallustii
372 2502 529 2585 attulerit,
553 2502 622 2567 illas
644 2504 763 2567 formas
785 2526 858 2569 eum
884 2506 918 2568 in
944 2527 1001 2569 suo
1029 2504 1112 2568 libro
1139 2501 1256 2588 legisse
1284 2503 1363 2566 satis

202 2615 347 2670 constare
369 2605 510 2687 videtur,
542 2606 667 2670 tametsi
688 2605 794 2670 locum
813 2607 889 2691 Jug.
913 2608 1000 2689 36,2
1022 2607 1205 2670 memoriter
1225 2604 1364 2670 relatum

201 2728 271 2770 esse
293 2707 488 2771 vocabulum
511 2708 729 2793 „principem“
752 2730 811 2794 pro
835 2707 1038 2790 ,consulem“
1067 2709 1208 2794 positum
1229 2707 1362 2772 indicat.

286 2806 369 2872 Oum
384 2808 591 2891 Arusianum,
615 2811 760 2896 quamvis
781 2808 843 2873 alia
864 2809 964 2874 multa
984 2811 1018 2873 in
1033 2809 1203 2875 afferendis
1220 2807 1365 2873 Sallustii

201 2909 280 2974 locis
302 2908 504 2994 indiligentia
523 2914 722 2995 peccaverit,
749 2910 791 2974 ad
812 2910 872 2974 hoc
895 2912 1056 2976 interdum
1077 2913 1177 2976 verba
1198 2912 1365 2997 scriptoris

201 3032 370 3097 perperam
380 3013 606 3098 interpretatus
619 3036 688 3077 esse
699 3013 847 3078 videatur
856 3016 893 3101 ¹),
908 3014 1060 3078 tamenin
1072 3014 1364 3079 constructionibus

201 3112 327 3198 lapsum
356 3123 412 3178 aut
439 3114 587 3200 exempla
614 3118 886 3180 constructionum
916 3124 1131 3179 commentum
1164 3138 1235 3180 esse
1264 3126 1296 3180 ot
1325 3137 1363 3179 eo

204 3216 335 3281 consilio
350 3216 449 3282 verba
464 3218 628 3302 scriptoris
643 3215 840 3281 adulterasse
863 3239 1023 3302 nusquam
1043 3218 1126 3282 effici
1142 3218 1254 3303 possit,
1277 3215 1364 3280 haud

203 3320 270 3382 scio
293 3340 335 3382 an
356 3341 434 3382 vera
455 3319 548 3382 loctio
576 3320 656 3404 Jup.
682 3321 786 3399 104,5
809 3342 882 3383 curn
905 3320 1032 3383 Kritzio
1055 3330 1087 3383 et
1107 3318 1249 3384 Linkoro
1271 3319 1363 3383 resti-

203 3422 323 3485 tuenda
344 3422 385 3485 sit
407 3443 424 3484 e
445 3422 625 3484 testimonio
647 3422 800 3485 Arusiani
817 3446 852 3506 p.
874 3423 952 3487 476:
984 3421 1114 3486 Gratiae
1135 3422 1219 3485 facio
1241 3421 1365 3487 crimen

204 3546 322 3605 meum,
346 3520 410 3587 Sal.
432 3521 506 3606 Jug.
532 3523 715 3604 „Bocchum
738 3525 887 3609 quoniam
912 3525 1070 3608 poenitet,
1093 3522 1211 3589 delicto
1232 3525 1366 3609 pretias

194 3625 305 3709 factt“
329 3623 533 3709 („Bacchum
555 3627 708 3708 optimum
723 3628 884 3711 poenitet“
908 3627 979 3690 cod.
994 3625 1120 3707 Parrh.;
1142 3626 1268 3690 Koilius
1291 3646 1366 3689 con·

206 3768 442 3776 ———--..-
467 3769 470 3772 .

279 3857 302 3925 ¹)
323 3858 364 3910 Of.
383 3875 408 3923 p.
431 3860 483 3909 500
503 3881 538 3902 =
558 3862 627 3912 Hist.
647 3863 698 3925 IV,
716 3863 749 3911 62
769 3864 819 3927 D.,
845 3864 890 3914 ubi
914 3863 1023 3913 verbum
1050 3858 1293 3927 ,propinquantes“
1318 3860 1366 3911 ab·

204 3950 289 4000 soluto
308 3951 440 4015 prolatum
460 3968 527 4016 esso,
548 3955 727 4004 accusativum
752 3971 785 4004 ex
805 3956 857 4005 alio
876 3956 957 4006 verbo
980 3948 1139 4021 pependisse
1159 3957 1238 4017 puto;
1264 3968 1289 4016 p.
1310 3950 1366 4001 485

205 4062 240 4084 =
260 4042 322 4106 Jug.
344 4042 416 4103 61,1
439 4041 503 4107 (vid.
524 4042 614 4110 infra).
