<?xml version="1.0" encoding="UTF-8"?>
<!DOCTYPE html PUBLIC "-//W3C//DTD XHTML 1.0 Transitional//EN"
    "http://www.w3.org/TR/xhtml1/DTD/xhtml1-transitional.dtd">
<html xmlns="http://www.w3.org/1999/xhtml" xml:lang="en" lang="en">
 <head>
  <title>
</title>
<meta http-equiv="Content-Type" content="text/html;charset=utf-8" />
  <meta name='ocr-system' content='tesseract 3.04.00' />
  <meta name='ocr-capabilities' content='ocr_page ocr_carea ocr_par ocr_line ocrx_word'/>
</head>
<body>
  <div class='ocr_page' id='page_1' title='image "./delocissallusti00nitzgoog_0012.png"; bbox 0 0 2926 4492; ppageno 0'>
   <div class='ocr_carea' id='block_1_1' title="bbox 72 73 1405 4128">
    <p class='ocr_par' dir='ltr' id='par_1_1' title="bbox 72 73 1405 4128">
     <span class='ocr_line' id='line_1_1' title="bbox 513 73 743 134; baseline 0 0"><span class='ocrx_word' id='word_1_1' title='bbox 513 89 514 96; x_wconf 53' lang='lat'>¹</span> <span class='ocrx_word' id='word_1_2' title='bbox 616 80 619 86; x_wconf 90' lang='lat'>&#39;</span> <span class='ocrx_word' id='word_1_3' title='bbox 727 73 743 134; x_wconf 80' lang='lat'>7</span> 
     </span>
     <span class='ocr_line' id='line_1_2' title="bbox 158 264 1314 361; baseline -0.001 -22"><span class='ocrx_word' id='word_1_4' title='bbox 158 295 235 340; x_wconf 85' lang='lat' dir='ltr'>vero</span> <span class='ocrx_word' id='word_1_5' title='bbox 261 271 416 340; x_wconf 86' lang='lat' dir='ltr'>translata</span> <span class='ocrx_word' id='word_1_6' title='bbox 443 264 660 338; x_wconf 60' lang='lat' dir='ltr'>vel&#39;Sallustii</span> <span class='ocrx_word' id='word_1_7' title='bbox 687 271 841 358; x_wconf 88' lang='lat' dir='ltr'>plurima,</span> <span class='ocrx_word' id='word_1_8' title='bbox 875 272 969 360; x_wconf 88' lang='lat' dir='ltr'>quale</span> <span class='ocrx_word' id='word_1_9' title='bbox 999 281 1048 338; x_wconf 90' lang='lat' dir='ltr'>est</span> <span class='ocrx_word' id='word_1_10' title='bbox 1076 275 1195 361; x_wconf 74' lang='lat' dir='ltr'>culpus</span> <span class='ocrx_word' id='word_1_11' title='bbox 1225 286 1314 341; x_wconf 83' lang='lat' dir='ltr'>amat</span> 
     </span>
     <span class='ocr_line' id='line_1_3' title="bbox 149 374 1363 464; baseline -0.001 -23"><span class='ocrx_word' id='word_1_12' title='bbox 149 378 263 464; x_wconf 79' lang='lat' dir='ltr'>fieri‘)</span> <span class='ocrx_word' id='word_1_13' title='bbox 287 399 361 441; x_wconf 93' lang='lat' dir='ltr'>cum</span> <span class='ocrx_word' id='word_1_14' title='bbox 383 375 546 440; x_wconf 85' lang='lat' dir='ltr'>Eussnero</span> <span class='ocrx_word' id='word_1_15' title='bbox 569 375 773 441; x_wconf 90' lang='lat' dir='ltr'>statuendum</span> <span class='ocrx_word' id='word_1_16' title='bbox 797 384 855 458; x_wconf 86' lang='lat' dir='ltr'>est,</span> <span class='ocrx_word' id='word_1_17' title='bbox 882 375 991 457; x_wconf 88' lang='lat' dir='ltr'>verba,</span> <span class='ocrx_word' id='word_1_18' title='bbox 1013 376 1041 439; x_wconf 88' lang='lat' dir='ltr'>si</span> <span class='ocrx_word' id='word_1_19' title='bbox 1062 374 1104 440; x_wconf 90' lang='lat' dir='ltr'>ad</span> <span class='ocrx_word' id='word_1_20' title='bbox 1124 378 1204 461; x_wconf 75' lang='lat' dir='ltr'>Jup.</span> <span class='ocrx_word' id='word_1_21' title='bbox 1226 376 1311 458; x_wconf 82' lang='grc'>34,1</span> <span class='ocrx_word' id='word_1_22' title='bbox 1359 390 1363 397; x_wconf 86' lang='grc'><strong>’</strong></span> 
     </span>
     <span class='ocr_line' id='line_1_4' title="bbox 157 476 1314 565; baseline 0 -22"><span class='ocrx_word' id='word_1_23' title='bbox 157 483 210 565; x_wconf 89' lang='lat' dir='ltr'>(ac</span> <span class='ocrx_word' id='word_1_24' title='bbox 233 479 362 543; x_wconf 86' lang='lat' dir='ltr'>tametsi</span> <span class='ocrx_word' id='word_1_25' title='bbox 377 478 547 542; x_wconf 86' lang='lat' dir='ltr'>multitudo</span> <span class='ocrx_word' id='word_1_26' title='bbox 564 516 602 526; x_wconf 91' lang='lat'>—</span> <span class='ocrx_word' id='word_1_27' title='bbox 618 477 826 543; x_wconf 85' lang='lat' dir='ltr'>vehementer</span> <span class='ocrx_word' id='word_1_28' title='bbox 840 476 978 541; x_wconf 87' lang='lat' dir='ltr'>adcensa</span> <span class='ocrx_word' id='word_1_29' title='bbox 1000 477 1141 542; x_wconf 88' lang='lat' dir='ltr'>terrebat</span> <span class='ocrx_word' id='word_1_30' title='bbox 1161 500 1235 542; x_wconf 92' lang='lat' dir='ltr'>eum</span> <span class='ocrx_word' id='word_1_31' title='bbox 1251 478 1314 543; x_wconf 90' lang='lat' dir='ltr'>cla-</span> 
     </span>
     <span class='ocr_line' id='line_1_5' title="bbox 157 577 1314 666; baseline 0.001 -22"><span class='ocrx_word' id='word_1_32' title='bbox 157 604 255 663; x_wconf 89' lang='lat' dir='ltr'>more,</span> <span class='ocrx_word' id='word_1_33' title='bbox 282 578 381 662; x_wconf 86' lang='lat' dir='ltr'>voltu,</span> <span class='ocrx_word' id='word_1_34' title='bbox 411 600 507 665; x_wconf 84' lang='lat' dir='ltr'>saepe</span> <span class='ocrx_word' id='word_1_35' title='bbox 528 580 641 665; x_wconf 90' lang='lat' dir='ltr'>inpetu</span> <span class='ocrx_word' id='word_1_36' title='bbox 662 588 759 666; x_wconf 90' lang='lat' dir='ltr'>atque</span> <span class='ocrx_word' id='word_1_37' title='bbox 780 577 852 644; x_wconf 88' lang='lat' dir='ltr'>aliis</span> <span class='ocrx_word' id='word_1_38' title='bbox 873 578 1030 662; x_wconf 89' lang='lat' dir='ltr'>omnibus,</span> <span class='ocrx_word' id='word_1_39' title='bbox 1061 602 1150 663; x_wconf 84' lang='lat' dir='ltr'>quae.</span> <span class='ocrx_word' id='word_1_40' title='bbox 1165 581 1220 643; x_wconf 91' lang='lat' dir='ltr'>ira</span> <span class='ocrx_word' id='word_1_41' title='bbox 1235 580 1314 662; x_wconf 83' lang='lat' dir='ltr'>fieri</span> 
     </span>
     <span class='ocr_line' id='line_1_6' title="bbox 157 681 1371 767; baseline -0.002 -19"><span class='ocrx_word' id='word_1_42' title='bbox 157 686 261 766; x_wconf 89' lang='lat' dir='ltr'>amat)</span> <span class='ocrx_word' id='word_1_43' title='bbox 294 681 467 767; x_wconf 85' lang='lat' dir='ltr'>pertinent,</span> <span class='ocrx_word' id='word_1_44' title='bbox 505 702 579 744; x_wconf 91' lang='lat' dir='ltr'>cum</span> <span class='ocrx_word' id='word_1_45' title='bbox 611 690 744 767; x_wconf 91' lang='lat' dir='ltr'>propter</span> <span class='ocrx_word' id='word_1_46' title='bbox 775 690 934 745; x_wconf 87' lang='lat' dir='ltr'>mutatum</span> <span class='ocrx_word' id='word_1_47' title='bbox 966 681 1139 746; x_wconf 88' lang='lat' dir='ltr'>verborum</span> <span class='ocrx_word' id='word_1_48' title='bbox 1170 681 1312 746; x_wconf 86' lang='lat' dir='ltr'>ordinem</span> <span class='ocrx_word' id='word_1_49' title='bbox 1368 685 1371 690; x_wconf 76' lang='grc'>’</span> 
     </span>
     <span class='ocr_line' id='line_1_7' title="bbox 156 783 1399 879; baseline -0.001 -30"><span class='ocrx_word' id='word_1_50' title='bbox 156 783 373 879; x_wconf 80' lang='lat' dir='ltr'>suspicionem</span> <span class='ocrx_word' id='word_1_51' title='bbox 385 802 524 865; x_wconf 89' lang='lat' dir='ltr'>movere,</span> <span class='ocrx_word' id='word_1_52' title='bbox 536 790 605 846; x_wconf 86' lang='lat' dir='ltr'>turn</span> <span class='ocrx_word' id='word_1_53' title='bbox 616 794 749 870; x_wconf 87' lang='lat' dir='ltr'>propter</span> <span class='ocrx_word' id='word_1_54' title='bbox 759 783 982 869; x_wconf 87' lang='lat' dir='ltr'>interpositum</span> <span class='ocrx_word' id='word_1_55' title='bbox 994 783 1128 849; x_wconf 83' lang='lat' dir='ltr'>verbum</span> <span class='ocrx_word' id='word_1_56' title='bbox 1143 783 1313 869; x_wconf 83' lang='lat' dir='ltr'>„vulgus“:</span> <span class='ocrx_word' id='word_1_57' title='bbox 1385 794 1399 819; x_wconf 88' lang='lat'>.-</span> 
     </span>
     <span class='ocr_line' id='line_1_8' title="bbox 133 884 1405 972; baseline 0.002 -23"><span class='ocrx_word' id='word_1_58' title='bbox 133 957 134 960; x_wconf 8' lang='grc' dir='ltr'><strong>Ἴ</strong></span> <span class='ocrx_word' id='word_1_59' title='bbox 155 886 242 972; x_wconf 89' lang='lat' dir='ltr'>quod</span> <span class='ocrx_word' id='word_1_60' title='bbox 263 884 334 950; x_wconf 89' lang='lat' dir='ltr'>luce</span> <span class='ocrx_word' id='word_1_61' title='bbox 356 884 473 948; x_wconf 87' lang='lat' dir='ltr'>clarius</span> <span class='ocrx_word' id='word_1_62' title='bbox 489 885 640 967; x_wconf 85' lang='lat' dir='ltr'>ostendit,</span> <span class='ocrx_word' id='word_1_63' title='bbox 664 884 897 964; x_wconf 83' lang='lat' dir='ltr'>Quintilianum</span> <span class='ocrx_word' id='word_1_64' title='bbox 913 885 1068 948; x_wconf 86' lang='lat' dir='ltr'>memoria</span> <span class='ocrx_word' id='word_1_65' title='bbox 1088 884 1216 971; x_wconf 89' lang='lat' dir='ltr'>lapsum</span> <span class='ocrx_word' id='word_1_66' title='bbox 1231 908 1312 969; x_wconf 88' lang='lat' dir='ltr'>csse,</span> <span class='ocrx_word' id='word_1_67' title='bbox 1402 952 1405 957; x_wconf 82' lang='grc'>,</span> 
     </span>
     <span class='ocr_line' id='line_1_9' title="bbox 157 985 1311 1074; baseline 0.001 -23"><span class='ocrx_word' id='word_1_68' title='bbox 157 989 277 1074; x_wconf 90' lang='lat' dir='ltr'>quippe</span> <span class='ocrx_word' id='word_1_69' title='bbox 310 987 366 1072; x_wconf 92' lang='lat' dir='ltr'>qui</span> <span class='ocrx_word' id='word_1_70' title='bbox 404 986 540 1051; x_wconf 86' lang='lat' dir='ltr'>verbum</span> <span class='ocrx_word' id='word_1_71' title='bbox 575 992 700 1068; x_wconf 75' lang='lat' dir='ltr'>„amat“</span> <span class='ocrx_word' id='word_1_72' title='bbox 735 987 914 1073; x_wconf 89' lang='lat' dir='ltr'>subjectum</span> <span class='ocrx_word' id='word_1_73' title='bbox 951 985 1070 1051; x_wconf 90' lang='lat' dir='ltr'>habere</span> <span class='ocrx_word' id='word_1_74' title='bbox 1100 985 1311 1062; x_wconf 63' lang='lat' dir='ltr'>„multitudm</span> 
     </span>
     <span class='ocr_line' id='line_1_10' title="bbox 155 1081 1176 1174; baseline 0.003 -23"><span class='ocrx_word' id='word_1_75' title='bbox 155 1110 268 1154; x_wconf 89' lang='lat' dir='ltr'>vocem</span> <span class='ocrx_word' id='word_1_76' title='bbox 289 1097 418 1174; x_wconf 89' lang='lat' dir='ltr'>putaret</span> <span class='ocrx_word' id='word_1_77' title='bbox 439 1098 472 1153; x_wconf 87' lang='lat' dir='ltr'>et</span> <span class='ocrx_word' id='word_1_78' title='bbox 492 1109 551 1174; x_wconf 89' lang='lat' dir='ltr'>pro</span> <span class='ocrx_word' id='word_1_79' title='bbox 574 1081 613 1152; x_wconf 84' lang='lat' dir='ltr'>ea</span> <span class='ocrx_word' id='word_1_80' title='bbox 635 1097 753 1153; x_wconf 86' lang='lat' dir='ltr'>temere</span> <span class='ocrx_word' id='word_1_81' title='bbox 768 1090 986 1172; x_wconf 84' lang='lat' dir='ltr'>interponeret</span> <span class='ocrx_word' id='word_1_82' title='bbox 1009 1086 1176 1172; x_wconf 67' lang='lat' dir='ltr'>„vulgum</span> 
     </span>
     <span class='ocr_line' id='line_1_11' title="bbox 231 1188 1314 1280; baseline -0.006 -22"><span class='ocrx_word' id='word_1_83' title='bbox 231 1194 422 1280; x_wconf 25' lang='lat' dir='ltr'>,Frontinum</span> <span class='ocrx_word' id='word_1_84' title='bbox 453 1190 488 1253; x_wconf 90' lang='lat' dir='ltr'>in</span> <span class='ocrx_word' id='word_1_85' title='bbox 520 1191 804 1276; x_wconf 86' lang='lat' dir='ltr'>strategematicon</span> <span class='ocrx_word' id='word_1_86' title='bbox 839 1188 929 1254; x_wconf 87' lang='lat' dir='ltr'>libris</span> <span class='ocrx_word' id='word_1_87' title='bbox 966 1189 1132 1275; x_wconf 90' lang='lat' dir='ltr'>complura</span> <span class='ocrx_word' id='word_1_88' title='bbox 1164 1189 1314 1275; x_wconf 84' lang='lat' dir='ltr'>exempla</span> 
     </span>
     <span class='ocr_line' id='line_1_12' title="bbox 155 1287 1312 1378; baseline -0.001 -23"><span class='ocrx_word' id='word_1_89' title='bbox 155 1315 172 1356; x_wconf 92' lang='lat' dir='ltr'>e</span> <span class='ocrx_word' id='word_1_90' title='bbox 195 1291 347 1356; x_wconf 85' lang='lat' dir='ltr'>Sallustio</span> <span class='ocrx_word' id='word_1_91' title='bbox 370 1292 608 1378; x_wconf 88' lang='lat' dir='ltr'>deprompsisse</span> <span class='ocrx_word' id='word_1_92' title='bbox 630 1300 754 1356; x_wconf 88' lang='lat' dir='ltr'>constat</span> <span class='ocrx_word' id='word_1_93' title='bbox 776 1292 831 1378; x_wconf 85' lang='lat' dir='ltr'>(ef.</span> <span class='ocrx_word' id='word_1_94' title='bbox 850 1293 877 1374; x_wconf 94' lang='grc' dir='ltr'>Ι,</span> <span class='ocrx_word' id='word_1_95' title='bbox 892 1293 922 1374; x_wconf 85' lang='lat'>8,</span> <span class='ocrx_word' id='word_1_96' title='bbox 938 1294 958 1356; x_wconf 85' lang='lat'><em>8</em></span> <span class='ocrx_word' id='word_1_97' title='bbox 979 1287 1021 1347; x_wconf 75' lang='lat'><em>=</em></span> <span class='ocrx_word' id='word_1_98' title='bbox 1042 1292 1119 1376; x_wconf 88' lang='lat' dir='ltr'>Jug.</span> <span class='ocrx_word' id='word_1_99' title='bbox 1135 1292 1186 1374; x_wconf 85' lang='grc'>47,</span> <span class='ocrx_word' id='word_1_100' title='bbox 1201 1292 1223 1354; x_wconf 89' lang='grc'>4</span> <span class='ocrx_word' id='word_1_101' title='bbox 1237 1301 1312 1375; x_wconf 84' lang='lat' dir='ltr'>etc,;</span> 
     </span>
     <span class='ocr_line' id='line_1_13' title="bbox 149 1392 1311 1481; baseline 0.001 -24"><span class='ocrx_word' id='word_1_102' title='bbox 149 1394 198 1481; x_wconf 57' lang='lat' dir='ltr'>xIl,</span> <span class='ocrx_word' id='word_1_103' title='bbox 215 1396 244 1476; x_wconf 95' lang='grc'>1,</span> <span class='ocrx_word' id='word_1_104' title='bbox 261 1394 355 1457; x_wconf 82' lang='lat'>13=</span> <span class='ocrx_word' id='word_1_105' title='bbox 370 1394 446 1480; x_wconf 88' lang='lat' dir='ltr'>Jug.</span> <span class='ocrx_word' id='word_1_106' title='bbox 462 1394 512 1477; x_wconf 85' lang='grc'>97,</span> <span class='ocrx_word' id='word_1_107' title='bbox 527 1394 563 1477; x_wconf 80' lang='lat'>33</span> <span class='ocrx_word' id='word_1_108' title='bbox 577 1394 621 1477; x_wconf 93' lang='grc' dir='ltr'>ΙΙ,</span> <span class='ocrx_word' id='word_1_109' title='bbox 637 1396 668 1476; x_wconf 87' lang='lat'>4,</span> <span class='ocrx_word' id='word_1_110' title='bbox 686 1395 725 1458; x_wconf 88' lang='lat'>10</span> <span class='ocrx_word' id='word_1_111' title='bbox 740 1424 781 1450; x_wconf 93' lang='lat'><strong><em>=</em></strong></span> <span class='ocrx_word' id='word_1_112' title='bbox 796 1393 871 1478; x_wconf 83' lang='lat' dir='ltr'>lug,</span> <span class='ocrx_word' id='word_1_113' title='bbox 890 1393 960 1474; x_wconf 88' lang='lat'>101,</span> <span class='ocrx_word' id='word_1_114' title='bbox 975 1392 1011 1476; x_wconf 77' lang='lat'>63</span> <span class='ocrx_word' id='word_1_115' title='bbox 1027 1393 1084 1474; x_wconf 88' lang='lat' dir='ltr'>IV,</span> <span class='ocrx_word' id='word_1_116' title='bbox 1101 1394 1128 1475; x_wconf 91' lang='lat'>1,</span> <span class='ocrx_word' id='word_1_117' title='bbox 1145 1393 1165 1456; x_wconf 85' lang='lat'><em>2</em></span> <span class='ocrx_word' id='word_1_118' title='bbox 1180 1425 1221 1449; x_wconf 92' lang='lat'>=</span> <span class='ocrx_word' id='word_1_119' title='bbox 1235 1393 1311 1477; x_wconf 82' lang='lat' dir='ltr'>lug.</span> 
     </span>
     <span class='ocr_line' id='line_1_14' title="bbox 128 1495 1314 1582; baseline 0.002 -25"><span class='ocrx_word' id='word_1_120' title='bbox 128 1528 130 1533; x_wconf 60' lang='lat'>=</span> <span class='ocrx_word' id='word_1_121' title='bbox 156 1495 273 1579; x_wconf 73' lang='lat'>45,2);</span> <span class='ocrx_word' id='word_1_122' title='bbox 301 1495 440 1561; x_wconf 84' lang='lat' dir='ltr'>maxime</span> <span class='ocrx_word' id='word_1_123' title='bbox 467 1518 543 1561; x_wconf 88' lang='lat' dir='ltr'>vero</span> <span class='ocrx_word' id='word_1_124' title='bbox 573 1497 711 1560; x_wconf 87' lang='lat' dir='ltr'>narratio</span> <span class='ocrx_word' id='word_1_125' title='bbox 739 1498 809 1582; x_wconf 87' lang='lat' dir='ltr'>ejus</span> <span class='ocrx_word' id='word_1_126' title='bbox 838 1518 856 1559; x_wconf 92' lang='lat' dir='ltr'>e</span> <span class='ocrx_word' id='word_1_127' title='bbox 886 1495 1030 1560; x_wconf 81' lang='lat' dir='ltr'>Sallustii</span> <span class='ocrx_word' id='word_1_128' title='bbox 1058 1495 1165 1559; x_wconf 90' lang='lat' dir='ltr'>verbis</span> <span class='ocrx_word' id='word_1_129' title='bbox 1194 1495 1314 1579; x_wconf 88' lang='lat' dir='ltr'>pendet</span> 
     </span>
     <span class='ocr_line' id='line_1_15' title="bbox 156 1596 1313 1684; baseline 0 -25"><span class='ocrx_word' id='word_1_130' title='bbox 156 1597 302 1679; x_wconf 83' lang='lat'>111‚9,3</span> <span class='ocrx_word' id='word_1_131' title='bbox 322 1596 378 1661; x_wconf 93' lang='lat' dir='ltr'>ubi</span> <span class='ocrx_word' id='word_1_132' title='bbox 399 1619 447 1680; x_wconf 88' lang='lat' dir='ltr'>ea,</span> <span class='ocrx_word' id='word_1_133' title='bbox 471 1619 554 1684; x_wconf 91' lang='lat' dir='ltr'>quae</span> <span class='ocrx_word' id='word_1_134' title='bbox 575 1599 655 1683; x_wconf 73' lang='lat' dir='ltr'>Juy.</span> <span class='ocrx_word' id='word_1_135' title='bbox 671 1623 696 1662; x_wconf 85' lang='lat' dir='ltr'>a.</span> <span class='ocrx_word' id='word_1_136' title='bbox 715 1598 841 1662; x_wconf 85' lang='grc'>92-94</span> <span class='ocrx_word' id='word_1_137' title='bbox 864 1596 904 1661; x_wconf 91' lang='lat' dir='ltr'>de</span> <span class='ocrx_word' id='word_1_138' title='bbox 926 1597 1167 1681; x_wconf 84' lang='lat' dir='ltr'>expugnatione</span> <span class='ocrx_word' id='word_1_139' title='bbox 1189 1596 1313 1661; x_wconf 87' lang='lat' dir='ltr'>castelli</span> 
     </span>
     <span class='ocr_line' id='line_1_16' title="bbox 152 1697 1313 1784; baseline 0.003 -24"><span class='ocrx_word' id='word_1_140' title='bbox 152 1697 237 1761; x_wconf 88' lang='lat' dir='ltr'>illius</span> <span class='ocrx_word' id='word_1_141' title='bbox 258 1698 346 1784; x_wconf 91' lang='lat' dir='ltr'>apud</span> <span class='ocrx_word' id='word_1_142' title='bbox 367 1697 487 1763; x_wconf 92' lang='lat' dir='ltr'>flumen</span> <span class='ocrx_word' id='word_1_143' title='bbox 513 1699 696 1763; x_wconf 85' lang='lat' dir='ltr'>Mulucham</span> <span class='ocrx_word' id='word_1_144' title='bbox 725 1700 778 1763; x_wconf 89' lang='lat' dir='ltr'>siti</span> <span class='ocrx_word' id='word_1_145' title='bbox 804 1707 988 1780; x_wconf 89' lang='lat' dir='ltr'>narrantur,</span> <span class='ocrx_word' id='word_1_146' title='bbox 1018 1699 1147 1784; x_wconf 91' lang='lat' dir='ltr'>saepius</span> <span class='ocrx_word' id='word_1_147' title='bbox 1175 1699 1241 1764; x_wconf 90' lang='lat' dir='ltr'>fere</span> <span class='ocrx_word' id='word_1_148' title='bbox 1271 1698 1313 1763; x_wconf 86' lang='lat' dir='ltr'>ad</span> 
     </span>
     <span class='ocr_line' id='line_1_17' title="bbox 153 1798 1312 1886; baseline 0 -22"><span class='ocrx_word' id='word_1_149' title='bbox 153 1799 289 1864; x_wconf 89' lang='lat' dir='ltr'>verbnm</span> <span class='ocrx_word' id='word_1_150' title='bbox 317 1801 527 1886; x_wconf 88' lang='lat' dir='ltr'>transcripsit.</span> <span class='ocrx_word' id='word_1_151' title='bbox 576 1799 685 1866; x_wconf 90' lang='lat' dir='ltr'>Verba</span> <span class='ocrx_word' id='word_1_152' title='bbox 710 1801 857 1866; x_wconf 84' lang='lat' dir='ltr'>Frontini</span> <span class='ocrx_word' id='word_1_153' title='bbox 885 1800 964 1865; x_wconf 86' lang='lat' dir='ltr'>haee</span> <span class='ocrx_word' id='word_1_154' title='bbox 992 1808 1081 1865; x_wconf 88' lang='lat' dir='ltr'>sunt:</span> <span class='ocrx_word' id='word_1_155' title='bbox 1109 1798 1166 1882; x_wconf 79' lang='grc'>,0.</span> <span class='ocrx_word' id='word_1_156' title='bbox 1190 1799 1312 1866; x_wconf 88' lang='lat' dir='ltr'>Marius</span> 
     </span>
     <span class='ocr_line' id='line_1_18' title="bbox 154 1900 1314 1988; baseline 0.003 -23"><span class='ocrx_word' id='word_1_157' title='bbox 154 1900 236 1966; x_wconf 92' lang='lat' dir='ltr'>bello</span> <span class='ocrx_word' id='word_1_158' title='bbox 267 1901 461 1986; x_wconf 89' lang='lat' dir='ltr'>Jugurthino</span> <span class='ocrx_word' id='word_1_159' title='bbox 494 1900 581 1987; x_wconf 91' lang='lat' dir='ltr'>apud</span> <span class='ocrx_word' id='word_1_160' title='bbox 612 1901 732 1966; x_wconf 91' lang='lat' dir='ltr'>flumen</span> <span class='ocrx_word' id='word_1_161' title='bbox 763 1900 966 1984; x_wconf 84' lang='lat' dir='ltr'>Mulucham,</span> <span class='ocrx_word' id='word_1_162' title='bbox 1004 1923 1078 1966; x_wconf 91' lang='lat' dir='ltr'>cum</span> <span class='ocrx_word' id='word_1_163' title='bbox 1111 1900 1314 1988; x_wconf 86' lang='lat' dir='ltr'>obpugnaret</span> 
     </span>
     <span class='ocr_line' id='line_1_19' title="bbox 154 2002 1313 2088; baseline 0.003 -21"><span class='ocrx_word' id='word_1_164' title='bbox 154 2002 320 2068; x_wconf 87' lang='lat' dir='ltr'>castellum</span> <span class='ocrx_word' id='word_1_165' title='bbox 340 2007 378 2069; x_wconf 91' lang='lat' dir='ltr'>iu</span> <span class='ocrx_word' id='word_1_166' title='bbox 400 2013 504 2068; x_wconf 86' lang='lat' dir='ltr'>monte</span> <span class='ocrx_word' id='word_1_167' title='bbox 526 2026 626 2068; x_wconf 79' lang='lat' dir='ltr'>sasso</span> <span class='ocrx_word' id='word_1_168' title='bbox 649 2008 757 2085; x_wconf 86' lang='lat' dir='ltr'>situm,</span> <span class='ocrx_word' id='word_1_169' title='bbox 780 2005 867 2088; x_wconf 78' lang='lat' dir='ltr'>qaod</span> <span class='ocrx_word' id='word_1_170' title='bbox 889 2027 959 2068; x_wconf 87' lang='lat' dir='ltr'>aaa</span> <span class='ocrx_word' id='word_1_171' title='bbox 980 2013 1009 2067; x_wconf 89' lang='lat' dir='ltr'>et</span> <span class='ocrx_word' id='word_1_172' title='bbox 1031 2015 1179 2088; x_wconf 72' lang='lat' dir='ltr'>augusta</span> <span class='ocrx_word' id='word_1_173' title='bbox 1198 2007 1313 2070; x_wconf 84' lang='lat' dir='ltr'>semita</span> 
     </span>
     <span class='ocr_line' id='line_1_20' title="bbox 155 2105 1313 2189; baseline 0.003 -19"><span class='ocrx_word' id='word_1_174' title='bbox 155 2107 312 2170; x_wconf 86' lang='lat' dir='ltr'>adibatur</span> <span class='ocrx_word' id='word_1_175' title='bbox 318 2153 328 2187; x_wconf 91' lang='lat'>,</span> <span class='ocrx_word' id='word_1_176' title='bbox 360 2115 465 2169; x_wconf 87' lang='lat' dir='ltr'>cetera</span> <span class='ocrx_word' id='word_1_177' title='bbox 492 2115 591 2189; x_wconf 81' lang='lat' dir='ltr'>parte</span> <span class='ocrx_word' id='word_1_178' title='bbox 622 2106 708 2170; x_wconf 85' lang='lat' dir='ltr'>uelut</span> <span class='ocrx_word' id='word_1_179' title='bbox 740 2105 885 2170; x_wconf 86' lang='lat' dir='ltr'>consulto</span> <span class='ocrx_word' id='word_1_180' title='bbox 920 2106 1101 2188; x_wconf 75' lang='lat' dir='ltr'>praecipiti</span> <span class='ocrx_word' id='word_1_181' title='bbox 1136 2112 1313 2189; x_wconf 89' lang='lat' dir='ltr'>(„ceterum</span> 
     </span>
     <span class='ocr_line' id='line_1_21' title="bbox 154 2204 1312 2293; baseline 0.003 -22"><span class='ocrx_word' id='word_1_182' title='bbox 154 2217 278 2272; x_wconf 86' lang='lat' dir='ltr'>actura</span> <span class='ocrx_word' id='word_1_183' title='bbox 299 2216 328 2272; x_wconf 89' lang='lat' dir='ltr'>et</span> <span class='ocrx_word' id='word_1_184' title='bbox 343 2216 412 2272; x_wconf 89' lang='lat' dir='ltr'>arte</span> <span class='ocrx_word' id='word_1_185' title='bbox 426 2231 590 2293; x_wconf 81' lang='lat' dir='ltr'>praeceps</span> <span class='ocrx_word' id='word_1_186' title='bbox 605 2213 697 2272; x_wconf 84' lang='lat' dir='ltr'>erat“</span> <span class='ocrx_word' id='word_1_187' title='bbox 711 2207 888 2288; x_wconf 82' lang='lat' dir='ltr'>Dederich3</span> <span class='ocrx_word' id='word_1_188' title='bbox 911 2204 986 2271; x_wconf 85' lang='lat' dir='ltr'>Sall.</span> <span class='ocrx_word' id='word_1_189' title='bbox 1002 2206 1078 2290; x_wconf 90' lang='lat' dir='ltr'>Jug.</span> <span class='ocrx_word' id='word_1_190' title='bbox 1094 2207 1145 2287; x_wconf 77' lang='lat'>92,</span> <span class='ocrx_word' id='word_1_191' title='bbox 1161 2208 1197 2270; x_wconf 67' lang='grc' dir='ltr'>ὃς</span> <span class='ocrx_word' id='word_1_192' title='bbox 1220 2229 1312 2274; x_wconf 89' lang='lat' dir='ltr'>mons</span> 
     </span>
     <span class='ocr_line' id='line_1_22' title="bbox 153 2307 1313 2395; baseline 0 -22"><span class='ocrx_word' id='word_1_193' title='bbox 153 2331 280 2393; x_wconf 89' lang='lat' dir='ltr'>saxeus,</span> <span class='ocrx_word' id='word_1_194' title='bbox 302 2308 456 2374; x_wconf 89' lang='lat' dir='ltr'>mediocri</span> <span class='ocrx_word' id='word_1_195' title='bbox 478 2307 609 2374; x_wconf 88' lang='lat' dir='ltr'>castello</span> <span class='ocrx_word' id='word_1_196' title='bbox 631 2309 710 2374; x_wconf 89' lang='lat' dir='ltr'>satis</span> <span class='ocrx_word' id='word_1_197' title='bbox 725 2317 848 2395; x_wconf 88' lang='lat' dir='ltr'>patens,</span> <span class='ocrx_word' id='word_1_198' title='bbox 871 2348 910 2359; x_wconf 89' lang='lat'>—</span> <span class='ocrx_word' id='word_1_199' title='bbox 933 2330 998 2373; x_wconf 95' lang='lat' dir='ltr'>uno</span> <span class='ocrx_word' id='word_1_200' title='bbox 1014 2316 1208 2394; x_wconf 90' lang='lat' dir='ltr'>perangusto</span> <span class='ocrx_word' id='word_1_201' title='bbox 1223 2308 1313 2374; x_wconf 86' lang='lat' dir='ltr'>aditu</span> 
     </span>
     <span class='ocr_line' id='line_1_23' title="bbox 153 2409 1313 2498; baseline 0.002 -24"><span class='ocrx_word' id='word_1_202' title='bbox 153 2410 279 2476; x_wconf 86' lang='lat' dir='ltr'>relicto:</span> <span class='ocrx_word' id='word_1_203' title='bbox 300 2432 374 2475; x_wconf 89' lang='lat' dir='ltr'>nam</span> <span class='ocrx_word' id='word_1_204' title='bbox 396 2412 498 2476; x_wconf 89' lang='lat' dir='ltr'>omnis</span> <span class='ocrx_word' id='word_1_205' title='bbox 516 2421 632 2476; x_wconf 88' lang='lat' dir='ltr'>natura</span> <span class='ocrx_word' id='word_1_206' title='bbox 645 2409 732 2476; x_wconf 86' lang='lat' dir='ltr'>velut</span> <span class='ocrx_word' id='word_1_207' title='bbox 747 2432 844 2495; x_wconf 90' lang='lat' dir='ltr'>opere</span> <span class='ocrx_word' id='word_1_208' title='bbox 858 2420 955 2496; x_wconf 92' lang='lat' dir='ltr'>atque</span> <span class='ocrx_word' id='word_1_209' title='bbox 971 2409 1116 2474; x_wconf 88' lang='lat' dir='ltr'>consulto</span> <span class='ocrx_word' id='word_1_210' title='bbox 1132 2413 1313 2498; x_wconf 87' lang='lat' dir='ltr'>praeceps),</span> 
     </span>
     <span class='ocr_line' id='line_1_24' title="bbox 153 2511 1312 2599; baseline 0.002 -22"><span class='ocrx_word' id='word_1_211' title='bbox 153 2514 298 2578; x_wconf 87' lang='lat' dir='ltr'>nuntiato</span> <span class='ocrx_word' id='word_1_212' title='bbox 330 2512 394 2576; x_wconf 92' lang='lat' dir='ltr'>sibi</span> <span class='ocrx_word' id='word_1_213' title='bbox 415 2535 480 2596; x_wconf 82' lang='lat' dir='ltr'>per</span> <span class='ocrx_word' id='word_1_214' title='bbox 507 2514 663 2596; x_wconf 70' lang='lat' dir='ltr'>Ligurem</span> <span class='ocrx_word' id='word_1_215' title='bbox 696 2513 866 2595; x_wconf 81' lang='lat' dir='ltr'>quemdam</span> <span class='ocrx_word' id='word_1_216' title='bbox 898 2534 938 2574; x_wconf 84' lang='lat' dir='ltr'>esc</span> <span class='ocrx_word' id='word_1_217' title='bbox 972 2511 1113 2576; x_wconf 81' lang='lat' dir='ltr'>cumiliis</span> <span class='ocrx_word' id='word_1_218' title='bbox 1146 2513 1312 2599; x_wconf 61' lang='lat' dir='ltr'>preculam</span> 
     </span>
     <span class='ocr_line' id='line_1_25' title="bbox 151 2613 1311 2698; baseline 0.001 -18"><span class='ocrx_word' id='word_1_219' title='bbox 151 2615 293 2695; x_wconf 84' lang='lat' dir='ltr'>militem,</span> <span class='ocrx_word' id='word_1_220' title='bbox 315 2615 373 2698; x_wconf 79' lang='lat' dir='ltr'>qui</span> <span class='ocrx_word' id='word_1_221' title='bbox 384 2613 477 2696; x_wconf 86' lang='lat' dir='ltr'>forte</span> <span class='ocrx_word' id='word_1_222' title='bbox 499 2621 657 2697; x_wconf 78' lang='lat' dir='ltr'>aquatum</span> <span class='ocrx_word' id='word_1_223' title='bbox 675 2634 883 2698; x_wconf 71' lang='lat' dir='ltr'>progressus,</span> <span class='ocrx_word' id='word_1_224' title='bbox 905 2613 1064 2697; x_wconf 83' lang='lat' dir='ltr'>damper</span> <span class='ocrx_word' id='word_1_225' title='bbox 1085 2635 1172 2679; x_wconf 84' lang='lat' dir='ltr'>sarra</span> <span class='ocrx_word' id='word_1_226' title='bbox 1194 2619 1311 2682; x_wconf 84' lang='lat' dir='ltr'>mostis</span> 
     </span>
     <span class='ocr_line' id='line_1_26' title="bbox 72 2703 1361 2800; baseline 0.002 -20"><span class='ocrx_word' id='word_1_227' title='bbox 72 2729 74 2733; x_wconf 83' lang='lat'>&#39;</span> <span class='ocrx_word' id='word_1_228' title='bbox 153 2715 299 2780; x_wconf 74' lang='lat' dir='ltr'>cochleas</span> <span class='ocrx_word' id='word_1_229' title='bbox 320 2711 397 2798; x_wconf 71' lang='lat' dir='ltr'>legit</span> <span class='ocrx_word' id='word_1_230' title='bbox 419 2711 510 2800; x_wconf 84' lang='lat' dir='ltr'>(Sall.</span> <span class='ocrx_word' id='word_1_231' title='bbox 531 2714 608 2799; x_wconf 81' lang='lat' dir='ltr'>lug.</span> <span class='ocrx_word' id='word_1_232' title='bbox 624 2712 675 2795; x_wconf 89' lang='grc'>93,</span> <span class='ocrx_word' id='word_1_233' title='bbox 689 2703 729 2777; x_wconf 67' lang='lat'>2:⁴</span> <span class='ocrx_word' id='word_1_234' title='bbox 747 2714 828 2778; x_wconf 87' lang='lat' dir='ltr'>forte</span> <span class='ocrx_word' id='word_1_235' title='bbox 850 2714 981 2800; x_wconf 89' lang='lat' dir='ltr'>quidam</span> <span class='ocrx_word' id='word_1_236' title='bbox 1003 2714 1114 2800; x_wconf 87' lang='lat' dir='ltr'>Ligus,</span> <span class='ocrx_word' id='word_1_237' title='bbox 1133 2738 1178 2780; x_wconf 88' lang='lat' dir='ltr'>ex</span> <span class='ocrx_word' id='word_1_238' title='bbox 1199 2718 1310 2783; x_wconf 87' lang='lat' dir='ltr'>cohor·</span> <span class='ocrx_word' id='word_1_239' title='bbox 1359 2769 1361 2773; x_wconf 41' lang='lat'>&lt;</span> 
     </span>
     <span class='ocr_line' id='line_1_27' title="bbox 152 2813 1307 2903; baseline 0.001 -22"><span class='ocrx_word' id='word_1_240' title='bbox 152 2815 239 2881; x_wconf 91' lang='lat' dir='ltr'>tibus</span> <span class='ocrx_word' id='word_1_241' title='bbox 260 2813 438 2880; x_wconf 86' lang='lat' dir='ltr'>auxiliariis</span> <span class='ocrx_word' id='word_1_242' title='bbox 459 2815 550 2881; x_wconf 87' lang='lat' dir='ltr'>miles</span> <span class='ocrx_word' id='word_1_243' title='bbox 571 2816 756 2902; x_wconf 88' lang='lat' dir='ltr'>gregarius,</span> <span class='ocrx_word' id='word_1_244' title='bbox 786 2817 898 2883; x_wconf 86' lang='lat' dir='ltr'>castris</span> <span class='ocrx_word' id='word_1_245' title='bbox 923 2828 1076 2902; x_wconf 88' lang='lat' dir='ltr'>aquatum</span> <span class='ocrx_word' id='word_1_246' title='bbox 1097 2840 1246 2903; x_wconf 87' lang='lat' dir='ltr'>egressus</span> <span class='ocrx_word' id='word_1_247' title='bbox 1269 2857 1307 2867; x_wconf 94' lang='lat'><em>-</em></span> 
     </span>
     <span class='ocr_line' id='line_1_28' title="bbox 152 2916 1309 3006; baseline 0.003 -24"><span class='ocrx_word' id='word_1_248' title='bbox 152 2920 295 2982; x_wconf 89' lang='lat' dir='ltr'>animum</span> <span class='ocrx_word' id='word_1_249' title='bbox 316 2916 457 2984; x_wconf 87' lang='lat' dir='ltr'>advortit</span> <span class='ocrx_word' id='word_1_250' title='bbox 477 2919 561 2983; x_wconf 89' lang='lat' dir='ltr'>inter</span> <span class='ocrx_word' id='word_1_251' title='bbox 576 2940 656 2982; x_wconf 88' lang='lat' dir='ltr'>saxa</span> <span class='ocrx_word' id='word_1_252' title='bbox 669 2918 812 3004; x_wconf 87' lang='lat' dir='ltr'>repentis</span> <span class='ocrx_word' id='word_1_253' title='bbox 828 2917 967 2984; x_wconf 88' lang='lat' dir='ltr'>cocleas:</span> <span class='ocrx_word' id='word_1_254' title='bbox 988 2959 1032 2968; x_wconf 90' lang='lat'>-</span> <span class='ocrx_word' id='word_1_255' title='bbox 1053 2920 1159 2983; x_wconf 90' lang='lat' dir='ltr'>studio</span> <span class='ocrx_word' id='word_1_256' title='bbox 1177 2919 1309 3006; x_wconf 90' lang='lat' dir='ltr'>legundi</span> 
     </span>
     <span class='ocr_line' id='line_1_29' title="bbox 151 3018 1309 3106; baseline 0.005 -23"><span class='ocrx_word' id='word_1_257' title='bbox 151 3018 306 3105; x_wconf 88' lang='lat' dir='ltr'>paulatim</span> <span class='ocrx_word' id='word_1_258' title='bbox 328 3041 429 3106; x_wconf 91' lang='lat' dir='ltr'>prope</span> <span class='ocrx_word' id='word_1_259' title='bbox 451 3020 493 3084; x_wconf 88' lang='lat' dir='ltr'>ad</span> <span class='ocrx_word' id='word_1_260' title='bbox 515 3042 676 3085; x_wconf 89' lang='lat' dir='ltr'>summum</span> <span class='ocrx_word' id='word_1_261' title='bbox 693 3021 809 3085; x_wconf 87' lang='lat' dir='ltr'>montis</span> <span class='ocrx_word' id='word_1_262' title='bbox 824 3042 972 3106; x_wconf 87' lang='lat' dir='ltr'>egressus</span> <span class='ocrx_word' id='word_1_263' title='bbox 987 3022 1060 3106; x_wconf 85' lang='lat' dir='ltr'>cst),</span> <span class='ocrx_word' id='word_1_264' title='bbox 1083 3023 1129 3086; x_wconf 92' lang='lat' dir='ltr'>ad</span> <span class='ocrx_word' id='word_1_265' title='bbox 1150 3044 1309 3089; x_wconf 89' lang='lat' dir='ltr'>summam</span> 
     </span>
     <span class='ocr_line' id='line_1_30' title="bbox 147 3121 1309 3207; baseline 0.002 -21"><span class='ocrx_word' id='word_1_266' title='bbox 147 3131 359 3207; x_wconf 81' lang='lat' dir='ltr'>pervenerat,</span> <span class='ocrx_word' id='word_1_267' title='bbox 395 3122 484 3206; x_wconf 88' lang='lat' dir='ltr'>erepi</span> <span class='ocrx_word' id='word_1_268' title='bbox 518 3143 614 3206; x_wconf 87' lang='lat' dir='ltr'>posse</span> <span class='ocrx_word' id='word_1_269' title='bbox 648 3123 681 3185; x_wconf 92' lang='lat' dir='ltr'>in</span> <span class='ocrx_word' id='word_1_270' title='bbox 714 3121 897 3204; x_wconf 87' lang='lat' dir='ltr'>castellum,</span> <span class='ocrx_word' id='word_1_271' title='bbox 929 3145 1059 3206; x_wconf 79' lang='lat' dir='ltr'>paucos</span> <span class='ocrx_word' id='word_1_272' title='bbox 1094 3126 1309 3205; x_wconf 80' lang='lat' dir='ltr'>centuriones,</span> 
     </span>
     <span class='ocr_line' id='line_1_31' title="bbox 152 3222 1309 3309; baseline 0.001 -21"><span class='ocrx_word' id='word_1_273' title='bbox 152 3225 270 3309; x_wconf 79' lang='lat' dir='ltr'>quibus</span> <span class='ocrx_word' id='word_1_274' title='bbox 296 3223 550 3309; x_wconf 81' lang='lat' dir='ltr'>perfectissimos</span> <span class='ocrx_word' id='word_1_275' title='bbox 583 3248 655 3289; x_wconf 91' lang='lat' dir='ltr'>cum</span> <span class='ocrx_word' id='word_1_276' title='bbox 687 3223 896 3289; x_wconf 82' lang='lat' dir='ltr'>velocissimis</span> <span class='ocrx_word' id='word_1_277' title='bbox 927 3222 1086 3288; x_wconf 82' lang='lat' dir='ltr'>militibus</span> <span class='ocrx_word' id='word_1_278' title='bbox 1121 3234 1309 3290; x_wconf 85' lang='lat' dir='ltr'>aeneatores</span> 
     </span>
     <span class='ocr_line' id='line_1_32' title="bbox 153 3324 1306 3420; baseline 0.002 -31"><span class='ocrx_word' id='word_1_279' title='bbox 153 3325 305 3411; x_wconf 86' lang='lat' dir='ltr'>(„quibus</span> <span class='ocrx_word' id='word_1_280' title='bbox 329 3325 578 3411; x_wconf 83' lang='lat' dir='ltr'>perfectissimos</span> <span class='ocrx_word' id='word_1_281' title='bbox 595 3326 806 3391; x_wconf 87' lang='lat' dir='ltr'>velocissimis</span> <span class='ocrx_word' id='word_1_282' title='bbox 820 3324 976 3390; x_wconf 88' lang='lat' dir='ltr'>militibus</span> <span class='ocrx_word' id='word_1_283' title='bbox 990 3346 1085 3410; x_wconf 88' lang='lat' dir='ltr'>pares</span> <span class='ocrx_word' id='word_1_284' title='bbox 1100 3331 1306 3420; x_wconf 81' lang='lat' dir='ltr'>aeneatores“</span> 
     </span>
     <span class='ocr_line' id='line_1_33' title="bbox 151 3426 1306 3514; baseline 0.001 -24"><span class='ocrx_word' id='word_1_285' title='bbox 151 3427 353 3493; x_wconf 89' lang='lat' dir='ltr'>Dederichus</span> <span class='ocrx_word' id='word_1_286' title='bbox 369 3429 499 3514; x_wconf 90' lang='lat' dir='ltr'>scripsit</span> <span class='ocrx_word' id='word_1_287' title='bbox 513 3435 698 3513; x_wconf 84' lang='lat' dir='ltr'>comparata</span> <span class='ocrx_word' id='word_1_288' title='bbox 709 3426 853 3492; x_wconf 80' lang='lat' dir='ltr'>Sallustii</span> <span class='ocrx_word' id='word_1_289' title='bbox 866 3429 1063 3514; x_wconf 88' lang='lat' dir='ltr'>narratione)</span> <span class='ocrx_word' id='word_1_290' title='bbox 1076 3429 1306 3509; x_wconf 81' lang='lat' dir='ltr'>immiscuerat,</span> 
     </span>
     <span class='ocr_line' id='line_1_34' title="bbox 151 3530 1310 3616; baseline 0 -23"><span class='ocrx_word' id='word_1_291' title='bbox 151 3532 255 3611; x_wconf 86' lang='lat' dir='ltr'>misit,</span> <span class='ocrx_word' id='word_1_292' title='bbox 283 3533 389 3614; x_wconf 83' lang='lat' dir='ltr'>capite</span> <span class='ocrx_word' id='word_1_293' title='bbox 413 3530 615 3616; x_wconf 78' lang='lat' dir='ltr'>pedibusque</span> <span class='ocrx_word' id='word_1_294' title='bbox 642 3530 757 3611; x_wconf 86' lang='lat' dir='ltr'>audis,</span> <span class='ocrx_word' id='word_1_295' title='bbox 789 3539 826 3592; x_wconf 92' lang='lat' dir='ltr'>at</span> <span class='ocrx_word' id='word_1_296' title='bbox 848 3540 1043 3615; x_wconf 80' lang='lat' dir='ltr'>prospectas</span> <span class='ocrx_word' id='word_1_297' title='bbox 1070 3531 1226 3614; x_wconf 80' lang='lat' dir='ltr'>nisusque</span> <span class='ocrx_word' id='word_1_298' title='bbox 1246 3534 1310 3614; x_wconf 74' lang='lat' dir='ltr'>per</span> 
     </span>
     <span class='ocr_line' id='line_1_35' title="bbox 152 3631 1305 3719; baseline 0.002 -25"><span class='ocrx_word' id='word_1_299' title='bbox 152 3652 240 3694; x_wconf 82' lang='lat' dir='ltr'>sassa</span> <span class='ocrx_word' id='word_1_300' title='bbox 251 3632 396 3715; x_wconf 84' lang='lat' dir='ltr'>facilior</span> <span class='ocrx_word' id='word_1_301' title='bbox 411 3631 587 3716; x_wconf 77' lang='lat' dir='ltr'>(faciliori</span> <span class='ocrx_word' id='word_1_302' title='bbox 619 3631 722 3712; x_wconf 83' lang='lat' dir='ltr'>Ded.)</span> <span class='ocrx_word' id='word_1_303' title='bbox 735 3632 839 3715; x_wconf 82' lang='lat' dir='ltr'>foret,</span> <span class='ocrx_word' id='word_1_304' title='bbox 861 3636 962 3697; x_wconf 89' lang='lat' dir='ltr'>scutis</span> <span class='ocrx_word' id='word_1_305' title='bbox 977 3632 1164 3718; x_wconf 73' lang='lat' dir='ltr'>gladiisque</span> <span class='ocrx_word' id='word_1_306' title='bbox 1179 3655 1200 3695; x_wconf 92' lang='lat' dir='ltr'>a</span> <span class='ocrx_word' id='word_1_307' title='bbox 1216 3642 1305 3719; x_wconf 71' lang='lat' dir='ltr'>tergo</span> 
     </span>
     <span class='ocr_line' id='line_1_36' title="bbox 152 3732 1307 3819; baseline 0.001 -23"><span class='ocrx_word' id='word_1_308' title='bbox 152 3732 278 3817; x_wconf 80' lang='lat' dir='ltr'>aptatis</span> <span class='ocrx_word' id='word_1_309' title='bbox 301 3733 392 3817; x_wconf 88' lang='lat' dir='ltr'>(Sall.</span> <span class='ocrx_word' id='word_1_310' title='bbox 415 3734 492 3818; x_wconf 82' lang='lat' dir='ltr'>lug.</span> <span class='ocrx_word' id='word_1_311' title='bbox 507 3733 606 3816; x_wconf 83' lang='grc'>94,1;</span> <span class='ocrx_word' id='word_1_312' title='bbox 629 3734 735 3817; x_wconf 88' lang='lat' dir='ltr'>eapite</span> <span class='ocrx_word' id='word_1_313' title='bbox 758 3744 855 3818; x_wconf 90' lang='lat' dir='ltr'>atque</span> <span class='ocrx_word' id='word_1_314' title='bbox 877 3733 1014 3819; x_wconf 90' lang='lat' dir='ltr'>pedibus</span> <span class='ocrx_word' id='word_1_315' title='bbox 1037 3733 1142 3816; x_wconf 92' lang='lat' dir='ltr'>nudis,</span> <span class='ocrx_word' id='word_1_316' title='bbox 1165 3735 1212 3799; x_wconf 90' lang='lat' dir='ltr'>uti</span> <span class='ocrx_word' id='word_1_317' title='bbox 1233 3756 1307 3819; x_wconf 92' lang='lat' dir='ltr'>pro-</span> 
     </span>
     <span class='ocr_line' id='line_1_37' title="bbox 152 3835 1307 3922; baseline 0.004 -25"><span class='ocrx_word' id='word_1_318' title='bbox 152 3844 282 3918; x_wconf 89' lang='lat' dir='ltr'>spectus</span> <span class='ocrx_word' id='word_1_319' title='bbox 304 3836 459 3922; x_wconf 88' lang='lat' dir='ltr'>nisusque</span> <span class='ocrx_word' id='word_1_320' title='bbox 480 3857 539 3921; x_wconf 91' lang='lat' dir='ltr'>per</span> <span class='ocrx_word' id='word_1_321' title='bbox 561 3857 640 3899; x_wconf 83' lang='lat' dir='ltr'>saxa</span> <span class='ocrx_word' id='word_1_322' title='bbox 660 3835 786 3900; x_wconf 85' lang='lat' dir='ltr'>facilius</span> <span class='ocrx_word' id='word_1_323' title='bbox 808 3836 904 3901; x_wconf 89' lang='lat' dir='ltr'>foret:</span> <span class='ocrx_word' id='word_1_324' title='bbox 928 3859 1025 3922; x_wconf 89' lang='lat' dir='ltr'>super</span> <span class='ocrx_word' id='word_1_325' title='bbox 1045 3844 1136 3920; x_wconf 88' lang='lat' dir='ltr'>terga</span> <span class='ocrx_word' id='word_1_326' title='bbox 1157 3836 1256 3920; x_wconf 85' lang='lat' dir='ltr'>gladii</span> <span class='ocrx_word' id='word_1_327' title='bbox 1275 3847 1307 3901; x_wconf 91' lang='lat' dir='ltr'>et</span> 
     </span>
     <span class='ocr_line' id='line_1_38' title="bbox 151 3935 1305 4023; baseline 0.001 -23"><span class='ocrx_word' id='word_1_328' title='bbox 151 3939 267 4022; x_wconf 87' lang='lat' dir='ltr'>scuta).</span> <span class='ocrx_word' id='word_1_329' title='bbox 304 3935 349 3998; x_wconf 92' lang='lat' dir='ltr'>Hi</span> <span class='ocrx_word' id='word_1_330' title='bbox 371 3936 489 4022; x_wconf 86' lang='lat' dir='ltr'>Ligure</span> <span class='ocrx_word' id='word_1_331' title='bbox 513 3936 604 4020; x_wconf 91' lang='lat' dir='ltr'>duce,</span> <span class='ocrx_word' id='word_1_332' title='bbox 627 3947 658 4002; x_wconf 89' lang='lat' dir='ltr'>et</span> <span class='ocrx_word' id='word_1_333' title='bbox 677 3936 753 4001; x_wconf 90' lang='lat' dir='ltr'>loris</span> <span class='ocrx_word' id='word_1_334' title='bbox 776 3948 807 4002; x_wconf 89' lang='lat' dir='ltr'>et</span> <span class='ocrx_word' id='word_1_335' title='bbox 826 3938 936 4019; x_wconf 87' lang='lat' dir='ltr'>clavis,</span> <span class='ocrx_word' id='word_1_336' title='bbox 960 3939 1077 4023; x_wconf 88' lang='lat' dir='ltr'>quibus</span> <span class='ocrx_word' id='word_1_337' title='bbox 1092 3939 1125 4001; x_wconf 92' lang='lat' dir='ltr'>in</span> <span class='ocrx_word' id='word_1_338' title='bbox 1147 3937 1305 4003; x_wconf 89' lang='lat' dir='ltr'>adscensu</span> 
     </span>
     <span class='ocr_line' id='line_1_39' title="bbox 150 4036 1306 4128; baseline 0.002 -28"><span class='ocrx_word' id='word_1_339' title='bbox 150 4036 342 4121; x_wconf 85' lang='lat' dir='ltr'>nitebantur,</span> <span class='ocrx_word' id='word_1_340' title='bbox 365 4038 467 4124; x_wconf 89' lang='lat' dir='ltr'>adjuti</span> <span class='ocrx_word' id='word_1_341' title='bbox 489 4038 543 4126; x_wconf 87' lang='lat' dir='ltr'>(cf.</span> <span class='ocrx_word' id='word_1_342' title='bbox 566 4039 642 4126; x_wconf 89' lang='lat' dir='ltr'>Jug.</span> <span class='ocrx_word' id='word_1_343' title='bbox 656 4040 709 4123; x_wconf 88' lang='grc'>94,</span> <span class='ocrx_word' id='word_1_344' title='bbox 725 4041 770 4128; x_wconf 83' lang='grc'>2),</span> <span class='ocrx_word' id='word_1_345' title='bbox 792 4062 865 4106; x_wconf 86' lang='lat' dir='ltr'>cum</span> <span class='ocrx_word' id='word_1_346' title='bbox 889 4041 933 4104; x_wconf 90' lang='lat' dir='ltr'>ad</span> <span class='ocrx_word' id='word_1_347' title='bbox 949 4044 1138 4126; x_wconf 84' lang='lat' dir='ltr'>posteriora</span> <span class='ocrx_word' id='word_1_348' title='bbox 1161 4051 1189 4105; x_wconf 87' lang='lat' dir='ltr'>et</span> <span class='ocrx_word' id='word_1_349' title='bbox 1211 4041 1247 4105; x_wconf 86' lang='lat' dir='ltr'>ob</span> <span class='ocrx_word' id='word_1_350' title='bbox 1270 4041 1306 4104; x_wconf 91' lang='lat' dir='ltr'>id</span> 
     </span>
    </p>
   </div>
   <div class='ocr_carea' id='block_1_2' title="bbox 0 0 1468 4492">
    <p class='ocr_par' dir='ltr' id='par_1_2' title="bbox 0 0 1468 4492">
     <span class='ocr_line' id='line_1_40' title="bbox 0 0 1468 4492; baseline 0 2"><span class='ocrx_word' id='word_1_351' title='bbox 0 0 1468 4492; x_wconf 95' lang='lat' dir='ltr'> </span> 
     </span>
    </p>
   </div>
  </div>
 </body>
</html>
