2926 4492
153 274 246 357 „qui“
265 269 620 352 om.·MM¹M²Fm¹,
651 292 721 355 sup.
744 270 798 334 lin.
822 292 864 333 m.
910 269 974 335 Sed
997 273 1159 357 quomodo
1182 271 1302 358 aliquid

150 374 184 436 in
204 373 295 437 libris
317 370 463 437 hocloco
485 370 649 436 turbatum
664 373 714 454 sit,
738 372 916 459 dijudicare
938 395 1003 437 non
1017 374 1130 438 audeo,
1166 376 1304 439 Antece-

150 474 230 538 dunt
247 475 339 539 haec:
364 473 518 558 „denique
535 511 571 520 -
589 473 711 536 socium
735 473 796 537 sibi
815 474 962 560 adjungit
976 473 1182 557 Nabdalsam,
1204 476 1303 539 homi-

149 599 224 641 nem
245 575 398 657 nobilem,
418 575 542 658 magnis
566 573 691 658 opibus,
714 595 825 638 carum
847 585 1080 661 acceptumque
1094 577 1304 662 popularibus

150 680 246 743 suis.“
292 675 436 762 Oogitari
456 677 568 762 possit,
595 678 630 739 in
651 677 828 762 archetypo
850 677 1006 742 librorum
1029 689 1210 744 nostrorum
1231 701 1303 764 pro-

149 802 267 845 nomen
284 780 350 860 „is“
367 779 539 862 excidisse;
563 779 596 842 id
611 778 763 844 facillime
778 779 847 843 fieri
862 780 975 864 potuit,
991 783 1067 865 quia
1082 780 1304 867 praegreditur

152 886 270 967 „suis“,
291 903 329 945 ac
351 882 485 946 fortasse
506 902 682 966 pronomen
704 881 871 946 relativum
893 882 926 944 in
946 881 1100 947 librorum
1122 892 1304 971 nostrorum

149 986 309 1070 scriptura
324 982 408 1048 haud
430 982 533 1068 longis
548 983 722 1049 intervallis
743 993 792 1050 ter
806 984 947 1069 positum
971 984 1041 1069 (qui
1055 1023 1094 1032 —
1111 1005 1192 1070 quae
1209 1025 1245 1035 -
1263 1006 1305 1048 ex

150 1087 228 1172 quo)
258 1084 380 1170 aliquid
406 1084 504 1151 habet
534 1085 724 1149 offensionis.
774 1084 924 1171 Cogitavi
956 1087 1053 1150 etiam
1080 1085 1121 1150 de
1148 1084 1303 1150 vocabulo

153 1189 270 1272 „suis“,
290 1208 395 1251 nonne
417 1187 577 1271 glossema
602 1187 850 1251 existimandum
873 1189 928 1270 sit,
961 1186 1048 1273 quod
1070 1189 1247 1273 antiquitus
1270 1190 1303 1250 in

150 1289 251 1355 libros
272 1289 450 1375 irrepserit;
472 1288 650 1374 of.Jug.7‚
669 1291 701 1353 1:
727 1288 907 1374 „hominem
929 1298 994 1354 tam
1011 1299 1178 1372 acceptam
1196 1313 1304 1374 popu-

150 1392 308 1457 loribas“.

233 1492 329 1557 Oerte
355 1492 425 1577 jam
461 1490 516 1556 illa
545 1501 649 1559 aetate
687 1493 720 1557 in
754 1491 894 1558 Sallustii
927 1490 1016 1556 libris
1051 1489 1152 1555 multa
1187 1491 1304 1575 impor-

150 1593 318 1657 tunissime
346 1601 485 1675 mutata,
517 1616 575 1679 pro
608 1592 867 1660 insolentioribus
900 1594 1003 1677 magis
1035 1595 1152 1658 usitata
1183 1595 1305 1679 scripta

150 1695 262 1776 fuisse,
294 1703 462 1781 praeterea
482 1695 627 1762 homines
650 1696 760 1762 doctos
782 1719 881 1780 nova,
904 1718 988 1782 quae
1011 1693 1154 1760 Sallustii
1176 1695 1305 1760 dicendi

149 1797 259 1882 generi
287 1798 390 1882 magis
421 1801 590 1864 convenire
618 1807 780 1884 putarent,
813 1800 847 1863 in
867 1797 967 1863 libros
991 1797 1109 1862 inferre
1135 1796 1304 1878 studuisse,

150 1907 283 1964 testatur
304 1901 374 1984 ipse
397 1899 520 1964 Gellius
543 1901 611 1982 XX,
626 1902 656 1981 6,
674 1903 713 1965 14
735 1900 948 1983 etI,15,18.
980 1901 1073 1965 Prior
1094 1899 1184 1964 locus
1206 1902 1302 1966 etiam

98 1997 101 2003 ’
150 2002 184 2064 in
204 2000 417 2085 archetypum
438 2011 619 2066 nostrorum
640 2001 795 2066 librorum
813 2001 880 2069 Cot.
896 2004 947 2084 33,
962 2003 982 2066 2
998 2002 1171 2088 („maj0res
1186 2006 1301 2069 vested

151 2104 182 2168 V
195 2105 252 2185 1³⁴,
276 2125 345 2187 sup.
364 2106 523 2186 „uostri“;
548 2104 705 2188 „majores
727 2107 852 2168 uostri“
875 2102 945 2190 rel.)
969 2103 1183 2188 corruptelam
1205 2106 1304 2189 irrep-

151 2205 230 2268 sisse
253 2203 406 2288 ostendit,
433 2226 515 2290 quae
533 2206 604 2290 jam
627 2204 722 2271 Gellii
744 2214 847 2271 aetate
868 2202 1056 2291 perplures
1077 2204 1175 2268 libros
1197 2226 1305 2270 mana-

151 2307 233 2371 verit
256 2308 322 2392 („et
336 2306 456 2371 idcirco
478 2307 750 2393 inportunissime‚
771 2309 877 2393 inquit
892 2306 1102 2394 (Apollinaris
1117 2305 1306 2392 Sulpicius),

151 2408 310 2491 iecerunt,
344 2409 398 2493 qui
423 2409 458 2471 in
483 2408 644 2495 plerisque
674 2409 815 2474 Sallustii
844 2407 1083 2495 exemplaribus
1111 2409 1303 2494 scripturam

150 2511 244 2574 istam
259 2511 506 2574 sincerissimam
522 2518 741 2595 corruperunt
764 2511 847 2574 Nam
863 2531 935 2573 cum
950 2510 995 2574 ita
1009 2511 1043 2572 in
1056 2509 1194 2574 Catilina
1208 2509 1305 2594 scrip-

150 2621 218 2677 tum
247 2620 346 2677 esset:
379 2611 486 2695 Saepe
508 2614 649 2696 majores
671 2620 812 2676 vestram
833 2613 971 2676 miseriti
996 2610 1102 2694 plebis
1123 2612 1304 2693 Romanae,

151 2718 331 2796 „oestrum“
355 2711 542 2777 obleverunt
563 2722 595 2778 et
618 2714 755 2797 „vestri“
778 2713 1084 2798 superscripserunt.
1117 2712 1170 2775 Ex
1193 2734 1256 2798 quo
1272 2715 1305 2776 in

150 2815 260 2901 plures
281 2814 380 2880 libros
401 2814 536 2880 mendae
559 2816 652 2880 istius
673 2815 796 2880 indoles
818 2815 1005 2903 manavit“).
1042 2816 1230 2879 Partitivam
1244 2816 1306 2878 for-

152 2938 239 2981 mam
269 2921 449 2999 „vestrum“
477 2921 608 2984 notione
635 2919 818 3003 possessiva
845 2923 993 3005 usurpari
1019 2919 1163 3003 potuisse
1189 2916 1307 2983 docent

152 3018 297 3083 nonnulli
311 3019 375 3083 loci
390 3019 554 3086 Ciceronis
571 3021 655 3108 (Cat.
671 3022 701 3102 3,
720 3022 768 3101 12,
781 3021 838 3104 293
860 3043 892 3106 p.
908 3019 1018 3084 Planc.
1041 3021 1070 3102 7,
1088 3022 1127 3085 17
1137 3044 1144 3103 ;
1167 3043 1199 3105 p.
1216 3020 1305 3086 Sext.

152 3123 296 3204 oo‚136;
329 3121 464 3186 Kiihner
485 3123 518 3186 II
539 3129 569 3205 ξ.
596 3123 654 3186 116
676 3124 771 3185 Anm.
794 3124 845 3207 2),
879 3121 965 3208 quod
994 3143 1052 3185 cur
1080 3120 1211 3185 deloco
1234 3122 1304 3187 Cat.

153 3224 238 3303 33,2
260 3222 430 3288 Anhaltius
454 3225 500 3310 (p.
515 3226 569 3310 22)
592 3226 626 3287 in
648 3223 781 3288 dubium
804 3225 978 3303 vocaverit,
1004 3244 1118 3308 parurn
1139 3221 1249 3307 liquet.
1265 3262 1306 3272 -

152 3328 324 3390 Praeterea
345 3334 452 3390 autem
466 3349 519 3390 ex
540 3326 589 3390 his
613 3325 710 3391 Gellii
731 3324 837 3392 verbis
860 3333 893 3390 et
914 3327 976 3407 eis,
1010 3346 1092 3411 quae
1113 3325 1174 3405 IX,
1200 3324 1248 3404 14,
1264 3325 1305 3388 26

151 3428 309 3513 leguntur,
332 3426 439 3511 colligi
454 3436 569 3513 potest,
592 3427 772 3514 complures
789 3425 932 3493 Sallustii
953 3426 1053 3492 libros
1068 3427 1098 3491 ei
1119 3426 1161 3489 ad
1175 3446 1307 3488 manum

152 3530 252 3594 fuisse
273 3551 452 3615 magnaque
474 3551 548 3593 cum
570 3528 736 3615 diligentia
757 3550 831 3593 eum
854 3531 887 3594 in
909 3529 1064 3613 eligendis
1086 3526 1176 3591 libris
1198 3535 1230 3592 et
1251 3527 1305 3591 de·

155 3632 332 3697 scribendis
362 3631 506 3697 Sallustii
530 3633 638 3698 verbis
664 3642 824 3698 versatum
858 3654 936 3697 esse.
960 3671 1000 3682 —
1023 3631 1075 3696 De
1107 3629 1206 3695 altero
1236 3630 1307 3694 loco

155 3734 182 3814 I,
207 3734 344 3816 15,18¹)
366 3733 464 3798 Fabri
493 3734 620 3818 egregie
650 3732 835 3820 disputavit.
879 3734 1046 3821 Scriptura
1067 3732 1305 3818 .„loquentiae“,

230 3952 251 4015 ¹)
273 3950 426 4011 „Valerium
439 3952 563 4016 Probum,
582 3954 785 4017 grammaticum
798 3952 937 4016 illustrem,
958 3969 990 4002 ex
1002 3953 1127 4003 familiari
1141 3951 1207 4016 ejus,
1228 3950 1306 4000 docto

156 4043 227 4105 viro,
257 4043 374 4109 comperi
394 4040 585 4095 Sallustianum
611 4042 679 4094 illud
707 4044 788 4104 „satis
815 4044 997 4110 eloquentiae,
1027 4043 1176 4110 sapientiae
1196 4044 1304 4107 parum“
