2926 4492
649 53 797 150 ΔΕ..

148 251 303 339 Kdobly),
325 252 504 316 Eussnerus
528 255 740 339 (tillitgbutgtt
756 254 891 337 Sabutus
911 274 943 337 p.
964 252 1039 337 169)
1062 250 1305 321 demonstravit.

147 342 255 440 Ipsius
281 354 498 439 conjecturam
522 354 724 440 „prodipns“
748 356 821 438 (pro
844 352 1080 440 ,inpudicus“)·
1100 354 1307 422 vehementer

148 457 330 541 probarem,
351 456 413 519 nisi
434 455 521 541 apud
535 457 731 521 Frontonem
741 479 778 540 p.
796 455 856 519 153
874 453 1033 539 legeretur
1049 461 1188 544 ,quique
1202 482 1307 525 manu

148 568 257 623 ventre
273 579 359 644 perte
380 559 466 623 bono
482 560 602 643 patrio
615 558 849 623 laceraverut“.
884 555 983 620 Hunc
997 556 1103 621 locum
1120 561 1309 624 ememoria

148 658 279 724 allatum
302 681 372 724 esse
394 660 634 725 concedendum
655 658 783 723 videtur
805 657 890 744 (cat.
908 657 957 740 14,
972 660 1009 722 2:
1034 662 1249 747 „quicumque
1266 701 1307 711 —

150 763 354 843 laceraverat,
384 764 502 848 quique
531 759 623 826 alien.
653 781 708 826 aes
729 760 851 846 grande
873 751 1086 826 conflaverat“
1110 765 1202 848 etc),
1231 785 1308 828 nam

151 885 226 928 cum
247 862 344 949 paulo
365 873 439 948 post
452 863 578 948 legatur
594 861 709 947 „Quod
724 863 752 925 si
766 862 811 925 ita
825 860 904 926 haec
917 860 1017 927 verba
1032 873 1144 928 contra
1159 864 1307 930 dixisset:

151 969 268 1052 quique
290 987 373 1050 pene
394 963 480 1028 bona
500 966 605 1050 patria
625 963 839 1029 laceraverat“
857 973 928 1047 eto,
952 967 1109 1049 ,quique“
1127 968 1201 1051 (pro
1219 967 1307 1052 „qui-

18 1122 25 1132 .
150 1068 325 1152 cumque“)
346 1066 405 1130 vix
426 1074 530 1130 errato
551 1064 674 1130 librarii
694 1064 792 1130 tribui
813 1073 928 1151 potest.
963 1066 1029 1131 Sed
1043 1074 1151 1132 tamen
1165 1069 1193 1131 si
1208 1069 1308 1134 verba

154 1168 344 1254 „inpudicus
366 1165 492 1233 adulter
512 1173 635 1253 ganeo“
658 1170 692 1232 in
714 1189 772 1232 suo
787 1166 869 1234 libro
884 1166 1025 1253 legisset,
1047 1190 1085 1233 ea
1099 1170 1308 1253 Frontonem,

151 1273 272 1356 quippe
294 1271 350 1356 qui
370 1269 505 1334 multum
526 1275 560 1333 in
576 1268 726 1335 Sallustio
744 1270 905 1337 volutatus
920 1279 1014 1353 esset,
1035 1292 1099 1335 non
1115 1272 1308 1336 omissurum

151 1373 251 1437 fuisse
278 1371 421 1437 indicare
450 1358 599 1438 videntur
625 1394 678 1455 ea,
707 1394 790 1459 quae
820 1373 967 1459 proxime
995 1373 1084 1458 apud
1111 1374 1310 1439 Frontonem

153 1474 297 1540 Sallustii
321 1473 429 1538 locum
459 1482 651 1560 sequuntur:
682 1474 801 1558 „Vides
828 1483 983 1560 quantum
1010 1475 1219 1540 similitudine
1240 1499 1311 1541 ver-

152 1577 268 1642 borum
288 1575 409 1640 formae
430 1576 601 1641 adsecutus
616 1577 667 1657 sit,
688 1585 724 1640 ut
736 1577 871 1642 verbum
885 1584 1093 1663 postremum,
1114 1599 1311 1662 quamquam

153 1699 267 1764 parum
295 1676 462 1762 pudicum,
490 1699 556 1742 non
585 1677 773 1742 indecorum
796 1699 866 1742 esse
888 1678 1049 1744 videatur:
1080 1679 1153 1743 ideo
1176 1679 1310 1762 scilicet,

154 1781 241 1867 quod
263 1828 295 1844 ..
317 1779 417 1845 verba
438 1779 554 1846 similia
575 1775 797 1866 praecedant‘.
835 1779 918 1844 Oum
938 1788 1105 1866 practerea
1118 1783 1152 1845 in
1168 1779 1313 1846 Sallustii

154 1881 320 1947 codicibus
357 1903 483 1945 summa
516 1882 578 1946 hoc
614 1881 685 1948 loco
720 1882 919 1968 perturbatio
956 1883 998 1946 sit
1035 1881 1088 1969 (cf.
1121 1884 1312 1949 varietatem

156 1986 331 2069 scripturae
352 1983 439 2069 apud
454 1984 672 2068 Dietschium3
694 1986 728 2048 in
748 1981 855 2049 multis
876 1983 966 2048 libris
988 1986 1084 2049 etiam
1109 1985 1221 2070 „oleat
1244 1985 1313 2050 illa-

59 2130 61 2134 .
153 2097 221 2152 tum
250 2087 323 2171 est),
350 2085 451 2152 verba
480 2086 670 2172 „inpudicus
698 2085 822 2151 adulter
848 2089 971 2172 ganeo“
1000 2126 1042 2136 —-
1069 2087 1103 2152 id
1130 2086 1217 2172 quod
1240 2088 1312 2172 jam

153 2187 374 2252 Hermannum
404 2189 600 2274 Sauppium,
628 2187 894 2253 humanissimum
921 2197 1163 2274 praeceptorem
1192 2211 1313 2272 meum,

155 2289 340 2375 conjecisse,
367 2288 501 2373 abipso
528 2311 613 2352 nunc
643 2289 752 2353 audivi
776 2288 996 2375 -glossema
1024 2313 1093 2355 esse
1123 2312 1313 2376 persuasum

154 2392 268 2457 habeo.
318 2391 369 2454 Ea
395 2390 515 2474 optime
545 2389 659 2456 abesse
685 2412 780 2476 posse
814 2391 985 2456 ostendunt
1016 2393 1130 2475 verba,
1164 2414 1247 2479 quae
1279 2393 1314 2456 in

156 2492 318 2558 simillimo
345 2491 417 2556 loco
440 2491 509 2559 Cat.
532 2491 619 2573 37,b
645 2491 794 2576 leguntur
817 2496 915 2579 („clic'
936 2518 1001 2579 per
1029 2495 1187 2560 dedecoro
1215 2497 1314 2577 patri·

156 2596 272 2660 moniis
302 2595 465 2676 amissist3
499 2592 556 2657 ubi
590 2616 667 2679 „per
699 2592 876 2659 dedecora“
910 2595 1018 2662 verbis
1053 2616 1170 2681 „manu
1201 2604 1315 2659 ventre

156 2699 258 2783 pene“
287 2695 482 2782 respondere
509 2695 622 2780 patet).
666 2694 768 2760 Simul
794 2696 894 2761 verba
924 2720 1040 2781 „manu
1069 2706 1181 2763 ventre
1210 2700 1312 2781 pcne“

158 2797 394 2883 explanationis
423 2795 571 2880 indigere
599 2795 829 2880 glossatoribus
857 2799 928 2863 visa
950 2821 1020 2863 esse
1042 2798 1196 2864 credibile
1219 2800 1317 2882 est¹).v

157 2901 209 2965 De
230 2921 312 2966 voce
336 2902 487 2981 „manust
512 2900 569 2983 (=
583 2897 668 2984 alea)
692 2899 732 2962 cf.
756 2899 887 2967 Sueten.
930 2900 1014 2984 Aug.
1037 2901 1089 2964 71.

242 3001 279 3065 Ρ.
296 3000 356 3065 108
377 3033 420 3058 =
440 3002 519 3086 Juq.
536 3000 596 3080 6,1
621 2999 828 3084 („plurimum
849 3001 964 3084 facere,
992 3003 1159 3066 minimum
1180 3001 1250 3085 ipse
1273 3000 1315 3064 de

160 3125 193 3168 se
214 3100 338 3188 loquis)
361 3105 438 3189 quin
452 3103 573 3166 Fronto
595 3098 772 3186 asyndeton
794 3112 880 3168 recte
901 3105 1077 3169 servaverit
1099 3105 1153 3189 (cf.
1169 3101 1315 3167 Macrob.

160 3225 230 3271 exo.
256 3206 358 3270 Paris.
385 3229 418 3292 p.
441 3206 504 3271 624
529 3204 578 3285 K;
611 3201 755 3268 Sallustii
784 3201 857 3267 libri
890 3226 999 3271 omnes
1031 3213 1159 3293 praeter
1185 3204 1232 3267 ΡἋ
1268 3213 1316 3289 „et

160 3309 347 3372 minimum“
371 3306 550 3391 exhibent),
579 3303 725 3370 dubitare
746 3327 811 3369 non
831 3327 1012 3391 possumus,
1035 3308 1072 3391 si,
1094 3328 1189 3393 quam
1214 3303 1316 3369 Sallu-

79 3434 81 3438 ‘
160 3412 240 3475 stius
261 3408 419 3475 studuerit
432 3406 587 3492 asyndeto
601 3408 684 3470 inter
698 3407 799 3472 verba
813 3411 967 3474 contrarie
981 3408 1091 3492 relata,
1113 3415 1316 3494 reputamus,

161 3515 202 3584 cf.
231 3512 302 3577 Cat.
324 3511 405 3594 5,4;
434 3509 516 3592 5,8;
545 3510 575 3590 6,
591 3509 624 3590 63
652 3509 734 3592 7,6;
763 3510 843 3593 9,1;
872 3513 953 3595 9,2;
980 3514 1062 3595 9‚3;
1090 3511 1192 3592 10‚5;
1212 3508 1315 3590 46,2;

162 3617 213 3697 37,
236 3615 272 3695 33
301 3614 352 3694 20,
377 3613 434 3695 133
465 3611 566 3692 lm,
594 3610 646 3690 52,
668 3611 724 3693 225
756 3611 832 3697 Jug.
856 3614 940 3696 7,4;
969 3614 998 3696 7,
1020 3616 1055 3696 53
1084 3614 1184 3695 10,3;
1215 3610 1315 3691 15‚2;

236 3845 261 3916 ¹)
280 3847 341 3899 Alio
367 3847 446 3898 modo
466 3845 636 3898 Woelfflinus
661 3844 797 3912 (Bursian.
818 3848 973 3900 Jahresber.
995 3848 1063 3897 1873
1086 3864 1112 3914 p.
1135 3845 1218 3914 1662)
1245 3846 1316 3895 huno

161 3941 251 3992 locum
270 3938 419 3992 sanandum
439 3953 498 3989 esso
518 3939 629 3992 censuit.
662 3937 785 3990 Ceterum
804 3941 887 3991 verba
907 3940 977 4008 ,inp
992 3940 1035 3991 ad.
1048 3942 1128 4005 gan.“
1151 3941 1230 3990 etiam
1245 3936 1316 4004 apud

162 4034 340 4098 Augustinum
360 4032 393 4083 ds
413 4029 479 4081 rhet.
499 4048 526 4097 p.
549 4031 581 4080 13
602 4031 644 4082 ed.
666 4031 770 4083 Creeel.
791 4033 895 4087 desunt.
