2926 4492
656 39 805 136 A

149 252 281 324 tractae,
305 245 536 325 „constracta“‚
561 243 769 325 „sustraota“,
787 241 994 326 ,prostrata“,
1011 244 1144 320 ,contra
1158 240 1264 324 esse“)
1288 240 1314 324 ).

32 417 35 425 f
150 344 309 410 Gronovii
333 345 520 431 conjectura
543 342 786 424 ,extrudendot
810 350 842 406 et
861 341 955 406 lectio
978 341 1191 423 ,constrata“,
1214 360 1315 424 quam

148 446 216 510 fere
246 467 355 510 omnes
385 444 523 510 editores
553 443 693 530 amplexi
720 451 806 525 sunt,
844 464 1029 529 quanquam
1057 441 1114 505 diu
1145 439 1314 522 haesitavi,

149 547 228 610 mibi
250 546 444 634 rejiciendae
465 545 627 628 videntur,
650 548 725 631 quia
747 554 918 631 utrumque
941 543 1078 608 verbum
1100 565 1160 627 per
1174 565 1208 606 se
1230 543 1314 606 indi-

147 671 228 734 gens
244 649 287 713 ad
301 647 539 734 expediendam
554 650 745 713 sententiam
760 656 833 732 eget
857 644 1014 710 ablativo:
1039 644 1091 728 „in
1107 643 1313 708 extrudendo

149 752 259 834 mari“,
282 772 326 816 sc.
348 751 531 835 aggeribus,
555 748 693 814 molibus
717 748 824 834 (Caes.
845 747 877 812 b.
900 746 941 811 G.
963 747 1025 829 ΠΙ,
1049 746 1098 828 12,
1121 748 1156 811 3:
1179 755 1312 812 extruso

150 854 233 916 mari
256 875 394 939 appara·
416 853 496 916 Luc.
519 852 630 916 Phars.
653 851 710 932 Vl,
732 851 787 914 56:
810 852 996 936 ingenioque
1019 848 1101 934 solo)
1125 886 1165 897 —-
1188 849 1313 932 „maria

150 962 313 1018 constrata
334 959 425 1018 esse“
455 976 500 1018 sc.
522 953 692 1034 aedificiis3
722 953 763 1016 ad
792 952 853 1018 hoc
883 960 1125 1036 „consternere“
1155 950 1312 1036 interpre-

149 1057 304 1121 tationem
325 1064 503 1120 contortam
526 1077 565 1118 ac
587 1055 682 1117 nimis
703 1052 909 1118 artificiosam
930 1052 1065 1139 requirit
1088 1089 1126 1101 -
1150 1049 1312 1126 „molibus

92 1225 94 1230 ⁸
148 1158 183 1220 in
205 1179 293 1221 mare
310 1158 408 1242 jactis
430 1157 578 1221 aedificia
604 1156 884 1242 superimponere“
910 1193 948 1202 —
980 1153 1181 1239 multumque
1213 1153 1313 1219 habet

150 1259 334 1323 offensionis
368 1258 422 1343 (cf.
445 1257 591 1323 Dietsch.
615 1279 731 1321 comm.
752 1281 785 1343 p.
811 1259 887 1340 1043
920 1256 1058 1321 Kvicala
1085 1259 1215 1341 sseitlht.
1236 1260 1256 1342 f.
1281 1261 1309 1325 b.

150 1364 198 1446 illl.
233 1363 344 1446 diuma.
383 1359 465 1424 XIV
504 1383 536 1445 p.
569 1359 649 1442 5935
685 1359 854 1424 Klimscha
883 1360 962 1424 ibid.
1000 1359 1120 1424 XXIX
1151 1380 1185 1442 p.
1220 1357 1309 1443 168).

149 1461 381 1537 „Exeruendor
396 1469 504 1527 autem
519 1471 551 1526 et
566 1471 771 1536 „constructa
785 1466 874 1526 esse“
891 1460 1042 1526 lectiones
1057 1460 1099 1523 ad
1118 1461 1310 1525 sententiam

148 1564 332 1648 aptissimas
361 1585 430 1628 esse
458 1584 648 1649 persuasum
678 1563 791 1633 habeo.
835 1563 918 1627 Nam
945 1562 1134 1648 gravissime
1157 1563 1311 1648 opposita

149 1674 224 1729 sunt
252 1666 335 1730 inter
361 1687 394 1729 se
423 1662 522 1729 verba
545 1672 734 1747 „extruereu
758 1674 790 1730 et
813 1669 1028 1751 „coaequare“
1053 1666 1245 1750 (audebimus
1267 1703 1310 1712 -

150 1767 353 1853 ebeumutheu),
377 1765 603 1849 „subvorterer
621 1776 652 1830 et
668 1771 891 1842 „construere“
909 1768 1061 1853 (ubuuqeu
1076 1805 1115 1814 -
1132 1768 1310 1852 quieturum:

149 1866 289 1954 [blittero
313 1905 352 1913 -
376 1867 416 1931 cf.
438 1868 560 1951 20,12;
582 1889 666 1932 nova
688 1868 828 1951 diruunt,
851 1867 915 1932 alia
937 1867 1109 1934 aedificant
1122 1908 1165 1917 -
1178 1870 1212 1931 in
1234 1867 1311 1933 sub-

150 1969 295 2033 stantivis
320 1970 441 2053 „maria
462 1970 589 2056 (mare),
611 1975 754 2035 montes“
778 1992 854 2035 vero
876 1971 959 2034 inest
979 1971 1067 2035 notio
1091 1972 1161 2055 „vis
1183 1972 1310 2054 ingens,

150 2071 245 2155 copia
270 2072 444 2135 immensa“
474 2071 529 2159 (cf.
554 2071 624 2136 Oat.
646 2073 697 2156 23,
712 2074 749 2136 3:
783 2073 885 2137 maria
917 2073 1099 2157 montisque
1130 2071 1310 2159 polliceri);

150 2171 370 2259 audaciusque
394 2172 563 2238 Sallustius
591 2195 629 2237 ac
652 2196 725 2237 cum
749 2174 888 2260 quadam
916 2175 1071 2240 brevitate
1094 2173 1177 2238 dixit
1198 2199 1310 2250 „mare

150 2275 218 2359 (vel
238 2277 363 2358 moria)
387 2307 428 2332 =
450 2278 516 2340 vira
544 2277 707 2362 inqentem
737 2279 870 2361 apparas
899 2278 944 2341 ad
964 2300 1055 2341 more
1082 2277 1309 2361 complendum

149 2385 314 2442 exstruere
338 2377 403 2466 (vel
425 2380 643 2465 construere)“
666 2378 706 2442 de
729 2375 867 2442 molibus
890 2379 924 2442 in
951 2402 1039 2443 mare
1059 2379 1173 2464 jactis:
1202 2378 1310 2463 potuit

149 2490 257 2544 autem
277 2481 323 2545 ita
344 2480 462 2561 dicere,
496 2481 581 2566 quia,
616 2478 776 2565 quomodo
803 2478 902 2544 verba
923 2478 1130 2566 intelligenda
1156 2480 1229 2563 sint,
1257 2501 1308 2562 ea,

150 2605 233 2668 quae
248 2583 397 2669 opposita
413 2589 496 2662 sunt,
518 2581 671 2646 indicant.
716 2579 881 2647 Facillime
897 2584 966 2648 fieri
980 2583 1132 2669 potuisse,
1154 2590 1190 2647 ut
1213 2603 1308 2667 „con-

150 2691 290 2748 structa“
313 2691 368 2747 aut
383 2692 641 2769 corrumperetur
661 2685 695 2746 in
711 2693 911 2765 „consociat
926 2694 983 2749 aut
996 2685 1211 2750 ascriberetur
1223 2683 1309 2774 glos-

152 2808 241 2850 sema
265 2789 474 2869 „constrata“,
497 2785 701 2850 manifestum
724 2795 781 2850 est.

235 2888 273 2952 In
307 2887 436 2953 scholiis
466 2891 532 2956 leli
560 2891 674 2955 Donat!
705 2888 848 2977 (Terenti
880 2888 1080 2972 comoediae,
1112 2888 1163 2954 ed.⁴
1191 2888 1306 2955 Reinh.

151 2988 262 3074 Klotz)
291 2990 400 3055 decem
427 2989 490 3054 loci
518 2993 563 3054 ita
588 2998 624 3052 ut
651 2991 684 3052 in
712 2989 875 3075 plerisque
902 2991 1045 3056 Sallustii
1071 2991 1162 3057 libris
1193 2993 1308 3078 scripti

151 3091 368 3157 inveniuntur:
387 3091 430 3158 ad
440 3090 542 3155 Andr.
556 3091 584 3172 Ι,
601 3092 629 3173 1,
645 3092 685 3156 38
700 3122 741 3147 =
755 3092 872 3177 Jugo,
886 3095 917 3177 13
939 3095 966 3177 1,
984 3096 1012 3177 1,
1027 3096 1069 3159 bb
1083 3125 1124 3151 =
1138 3094 1214 3179 Jug.
1230 3097 1257 3176 1,
1269 3097 1306 3177 4,

151 3195 179 3275 Ι,
198 3195 341 3276 5,19=
355 3195 440 3262 Hist.
457 3194 482 3272 I,
502 3192 600 3274 41,7;
623 3192 706 3256 Eun.
726 3193 752 3276 Ι,
770 3197 798 3275 1,
813 3197 833 3259 5
848 3227 889 3252 =
903 3197 980 3282 Jug.
999 3198 1051 3278 41,
1070 3198 1099 3279 13
1121 3197 1147 3280 Ι,
1164 3199 1192 3279 1,
1207 3198 1249 3261 29
1264 3227 1307 3254 =

151 3296 227 3381 Jug.
246 3299 273 3379 1,
289 3299 322 3378 43
345 3297 389 3377 ΙΙ,
405 3298 435 3376 3,
447 3296 485 3358 21
499 3293 625 3378 =Jug.
642 3295 692 3376 38,
705 3297 738 3377 73
757 3297 796 3378 V,
811 3299 841 3379 4,
856 3299 895 3361 21
908 3329 950 3356 =
962 3297 1031 3363 Cat.
1048 3300 1096 3381 15,
1112 3301 1144 3379 53
1166 3298 1305 3384 Adelph.

151 3399 208 3480 IV,
228 3400 258 3479 b,
275 3399 315 3462 58
333 3428 376 3454 =
393 3395 469 3479 Jug.
491 3395 546 3477 14,
563 3397 615 3477 133
644 3395 773 3462 Phorm.
792 3399 822 3480 Ι,
846 3402 872 3481 1,
892 3402 927 3463 11
950 3430 993 3456 =
1012 3399 1096 3464 Hist.
1117 3402 1183 3482 ΙΙΙ,
1204 3402 1305 3483 61,1;

151 3499 178 3581 Ι,
194 3501 224 3582 2,
241 3501 279 3562 18
295 3529 336 3554 =
352 3497 422 3561 cat.
438 3498 488 3579 23,
502 3498 530 3560 3.
574 3497 744 3562 Accedunt
764 3500 907 3564 nonnulli
928 3501 1000 3585 loci,
1024 3523 1103 3587 quos
1124 3524 1144 3565 a
1164 3502 1306 3569 librariis

152 3610 321 3686 corruptos
337 3621 407 3663 esse
421 3608 570 3684 apparet:
587 3602 633 3665 od
647 3601 774 3666 Phorm.
791 3604 836 3684 II,
853 3605 881 3684 1,
896 3604 950 3668 13:
970 3606 1136 3690 superiora
1151 3604 1306 3678 ἀσύνδετα

160 3728 290 3738 —---—-

225 3780 249 3844 ¹)
268 3781 301 3830 In
320 3779 395 3830 nulla
414 3779 531 3837 editione
555 3783 646 3832 inveni
664 3786 845 3835 testimonium
864 3784 995 3853 Porphyr.
1016 3786 1052 3837 ud
1071 3787 1114 3836 od.
1134 3786 1176 3848 ΙΙ,
1197 3787 1240 3846 18,
1257 3788 1306 3846 21,

152 3874 223 3940 quod
243 3873 397 3924 Dietschius
417 3875 552 3943 ascripsit:
578 3875 662 3934 „Nam
682 3877 747 3941 quid
766 3892 811 3941 epo
830 3875 878 3927 illo
897 3893 1096 3940 commemorem,
1117 3894 1185 3944 quae
1208 3879 1261 3928 nisi
1280 3881 1304 3929 is

153 3966 199 4031 qui
222 3965 314 4015 videre
340 3966 439 4015 nemini
467 3965 607 4016 credibilia
625 3973 694 4032 sunt,
714 3983 730 4016 a
749 3969 861 4040 privatis
882 3967 1061 4033 compluribus
1087 3971 1228 4022 subversos
1248 3985 1304 4022 esse

151 4063 249 4108 montes
269 4061 291 4107 et
310 4057 398 4107 morio
418 4061 565 4107 constrata“
588 4063 639 4108 etc.
