2926 4492
648 67 796 166 Q

149 273 362 358 breuiterque)
392 279 580 356 argumento
608 292 677 336 esse
704 277 798 354 putu,
831 289 927 354 quam
956 266 1099 353 proclive
1121 267 1235 350 fuerit,
1262 268 1306 332 ad

151 377 325 460 „carptim“
349 373 412 438 tale
434 372 512 458 quid
535 378 571 434 ut
594 373 765 455 „strietimt
789 369 958 435 ascribere.

232 476 384 563 Adjungo
407 473 471 538 duo
486 472 584 537 Nonii
604 473 794 554 testimonia,
816 474 850 536 in
865 473 982 558 quibus
1004 493 1086 557 quae
1101 473 1308 536 inveniuntur

150 577 266 645 menda
288 577 375 640 haud
398 578 465 640 soio
488 598 529 638 an
552 577 623 662 jam
645 576 677 637 in
700 595 759 638 suo
781 568 863 639 libro
885 575 1111 659 grammaticus
1133 575 1307 639 invenerit:

148 702 224 744 nam
239 689 325 744 certe
346 679 379 740 in
394 678 507 765 paucis
529 675 591 740 illis
614 675 803 741 testimoniis
819 697 917 762 supra
931 677 1196 758 commemoratis,
1222 697 1307 760 quae

149 781 245 868 paulo
267 779 482 865 negligentius
495 777 600 842 ¹allata
621 800 690 843 esse
712 779 879 861 visasint,
909 799 972 842 non
995 799 1066 842 eam
1088 777 1184 841 Nonii
1206 778 1308 842 fuisse

149 882 385 968 indiligentiam
406 890 502 966 atque
524 878 686 944 levitatem
708 880 860 962 vidimus,
881 890 918 944 ut
939 878 1074 944 verbum
1096 888 1153 943 aut
1174 879 1309 945 adderet

150 994 207 1049 aut
228 985 398 1048 omitteret.
442 983 487 1045 Hi
509 982 572 1046 duo
594 980 656 1045 loci
679 990 768 1046 sunt:
793 975 947 1067 1.'p.126
971 981 1102 1065 „aberat
1123 1004 1215 1045 mons
1236 982 1307 1047 fere

150 1086 239 1151 milia
251 1108 412 1170 passuum
422 1085 499 1148 XXr
513 1093 590 1165 eto.;
611 1086 691 1169 Jup.
701 1085 785 1167 48,3
805 1105 999 1170 quamquam
1017 1084 1080 1151 duo
1096 1093 1220 1148 tantum
1231 1082 1308 1149 libri

153 1189 213 1274 (P¹
226 1190 273 1274 m)
291 1190 482 1272 ‚‚passuum“
496 1188 647 1252 omittunt
663 1190 759 1270 (unus
775 1187 893 1251 omittit
906 1184 1043 1269 „milia“,
1059 1187 1093 1249 in
1109 1187 1185 1250 satis
1197 1185 1309 1251 multis

152 1290 231 1356 ordo
247 1289 416 1354 verborum
432 1291 618 1355 immutatus
634 1290 707 1374 est),
730 1297 837 1353 tamen
853 1294 1044 1374 „passuum“
1061 1288 1222 1372 glossema
1236 1311 1309 1353 esse

150 1392 340 1478 intelligitur
371 1414 414 1455 ex
447 1390 590 1456 Sallustii
622 1390 750 1455 dicendi
780 1412 841 1456 usu
875 1391 929 1477 (ol.
959 1390 1034 1475 Jug.
1062 1389 1113 1472 75,
1133 1389 1168 1472 23
1200 1391 1251 1471 91,
1268 1389 1308 1472 33

154 1496 224 1578 106,
239 1495 275 1577 53
298 1494 383 1558 Hist.
398 1493 456 1575 IV,
474 1494 530 1575 193
552 1492 610 1569 IV,
629 1494 684 1575 223
709 1500 901 1577 „passuumt‘
924 1493 1050 1557 duobus
1072 1500 1195 1556 tantum
1217 1488 1309 1573 locis,

152 1599 208 1684 qui
229 1595 321 1662 aliter
349 1595 525 1680 comparati
547 1603 634 1675 sunt,
664 1594 826 1679 adjectum
848 1604 911 1660 est:
946 1593 1022 1678 Jug.
1045 1595 1096 1675 68,
1113 1595 1143 1674 3,
1165 1593 1221 1658 ubi
1244 1594 1310 1656 sin»

153 1698 274 1786 gularis
299 1695 435 1780 „mille“‚
456 1717 521 1758 non
545 1695 671 1776 „milia“
689 1694 814 1780 legitur,
836 1707 869 1761 et
882 1697 966 1760 Hist.
982 1697 1025 1778 Π,
1048 1696 1090 1760 85
1112 1693 1311 1776 „altitu-diae

153 1801 277 1866 milium
292 1819 448 1884 passuum
463 1796 654 1882 duorum“);
670 1798 804 1878 aceedit,
820 1798 905 1885 quod
918 1797 1095 1862 Arusianus
1113 1803 1311 1883 „passuum“

153 1907 189 1968 in
210 1925 268 1969 suo
290 1899 372 1966 libro
399 1921 464 1962 non
489 1898 583 1985 legit,
616 1902 707 1987 eujus
735 1902 916 1966 testimonio
939 1923 971 1986 p.
994 1900 1057 1963 455
1084 1898 1137 1963 vel
1165 1900 1312 1964 maxima

154 2004 235 2069 fides
257 2002 407 2068 habenda
428 2009 492 2083 est,
527 2003 603 2086 quia
624 2000 727 2066 locum
755 2003 861 2068 attulit
881 2002 922 2067 ad
950 1999 1222 2088 comprobandam
1245 1999 1311 2066 elo·

157 2107 318 2172 ontionem
343 2101 453 2187 „abest
473 2112 521 2167 tot
534 2102 652 2168 milia“.
684 2105 714 2169 2.
726 2128 762 2190 p.
778 2106 840 2170 272
863 2104 966 2193 (quod
987 2105 1213 2185 testimonium,
1235 2125 1311 2167 oum

156 2210 233 2274 satis
248 2205 349 2270 multa
361 2203 461 2270 verba
475 2205 715 2289 complectatur,
737 2207 776 2271 de
793 2209 912 2292 scripto
928 2206 1098 2292 allegatum
1121 2229 1191 2272 esse
1205 2207 1311 2292 patet)

158 2333 236 2396 „per
259 2308 346 2371 idem
373 2316 500 2390 tempus
521 2305 683 2371 Bomilcar
706 2348 743 2358 —
768 2319 937 2394 suspectus
963 2313 1036 2394 rapi
1057 2320 1086 2375 et
1107 2332 1178 2373 eum
1204 2310 1312 2392 suspi-

157 2416 244 2477 ciens
266 2428 366 2473 novas
387 2430 438 2472 res
461 2429 578 2493 cupere
601 2410 676 2494 ao¹)
698 2410 875 2494 perniciem
897 2411 966 2496 ejus
989 2409 1097 2474 dolum
1120 2415 1295 2496 quaerere“
1302 2431 1311 2492 3

156 2512 342 2599 Jo9.70,1
377 2519 563 2594 „suspectus
591 2511 661 2595 regi
690 2519 721 2574 et
748 2514 820 2597 ipsa
848 2532 920 2576 eum
950 2502 1166 2598 suspiciens“;
1200 2511 1311 2596 „ipse“

156 2615 269 2680 abesse
291 2633 354 2675 non
369 2621 475 2696 potest
488 2621 622 2698 propter
636 2612 753 2676 similes
775 2612 872 2694 locos,
896 2614 1012 2706 quilius
1026 2616 1174 2698 passivae
1188 2614 1314 2678 notioni

158 2715 333 2802 opponitur
354 2715 474 2777 activa:
503 2714 535 2778 J.
549 2714 634 2797 44,1
660 2715 845 2800 (praedator
868 2751 903 2762 -
930 2717 1051 2802 etipse
1072 2717 1224 2802 praeda);
1245 2715 1313 2798 2,3

159 2819 271 2902 (habet
292 2823 407 2882 cuncta
427 2838 530 2903 neque
551 2817 621 2902 ipse
643 2816 803 2901 habetur).
826 2854 866 2866 -
889 2817 1041 2903 Sequitur
1066 2817 1155 2883 locus
1174 2842 1209 2902 p.
1231 2819 1314 2913 3333

160 2919 233 3002 „ille
256 2918 393 2983 cohortis
414 2927 596 3001 veteranas,
627 2940 705 3003 quas
728 2917 858 2982 tumulti
879 2941 977 2983 eausa
1000 2922 1249 3006 conscripserat,
1278 2922 1314 2984 in

150 3022 313 3107 frontem,
339 3029 413 3106 post
434 3044 488 3086 eas
510 3030 649 3086 aeterum
672 3021 848 3084 exereitum
870 3023 907 3086 io
930 3025 1074 3089 subsidio
1096 3023 1200 3089 looat“
1224 3023 1313 3109 (Cat.

159 3123 211 3206 59,
226 3125 270 3208 5).
313 3124 472 3205 Primum,
506 3123 582 3208 quia
603 3121 727 3186 Nonius
750 3121 894 3186 Sallustii
915 3125 1015 3190 verba
1036 3123 1142 3189 attulit
1163 3124 1205 3189 ad
1226 3145 1314 3188 oom-

159 3224 359 3312 probandam
382 3225 515 3310 genitivi
530 3223 664 3287 formam
688 3213 866 3306 „tumulti“,
890 3247 962 3289 eum
985 3226 1138 3292 hocloco
1161 3249 1262 3313 aeque
1276 3250 1316 3292 ao

161 3328 231 3392 Cat.
255 3329 340 3408 30,3
369 3326 542 3413 („senati“)
574 3336 716 3388 veterem
749 3327 886 3408 genitivi
918 3328 1054 3392 formam
1086 3331 1119 3393 in
1146 3351 1204 3393 suo
1231 3329 1316 3394 libro

160 3431 277 3514 legisse
298 3436 395 3514 patet,
419 3422 593 3511 quae'Oat.
616 3427 702 3509 3Ο,3
724 3428 757 3490 in
778 3430 880 3493 tribus
903 3429 1044 3495 Sallustii
1066 3430 1156 3495 libris
1178 3440 1316 3515 servata,

161 3533 248 3613 59,5
269 3531 303 3592 in
326 3526 474 3592 omnibus
504 3525 638 3613 expulsa
666 3538 728 3611 est,
754 3531 815 3593 nisi
838 3532 923 3616 quod
945 3534 978 3595 in
1007 3555 1071 3597 uno
1094 3534 1121 3596 T
1145 3533 1315 3616 „tumulti“

162 3632 290 3698 videtur
315 3629 423 3694 fuisse.
467 3628 608 3712 Deinde,
642 3652 714 3694 oum
742 3642 828 3697 totus
857 3631 960 3717 locus,
993 3637 1070 3721 quia
1091 3636 1191 3701 multa
1214 3635 1319 3700 verba

164 3742 252 3812 sunt,
279 3732 356 3797 satis
378 3729 545 3816 diligenter
567 3732 606 3796 de
628 3734 746 3819 scripto
768 3733 922 3820 allegatus
943 3759 1013 3802 esse
1033 3738 1194 3821 videatur,
1220 3741 1318 3804 etiam

163 3836 332 3899 lectionem
362 3836 413 3919 „in
435 3834 600 3900 subsidio“
631 3837 699 3920 (,‚in
721 3837 892 3903 subsidiis“
923 3861 1033 3905 omnes
1057 3841 1200 3906 Sallustii
1227 3840 1318 3929 libri)

168 3962 230 3969 ——0

239 4032 263 4100 ¹)
285 4037 357 4094 „Ac“
372 4037 423 4086 hoo
442 4037 502 4086 loco
517 4053 549 4087 ex
570 4037 637 4098 „ad“
656 4041 823 4104 corruptione
840 4039 942 4090 fastum
957 4045 997 4091 est
1010 4042 1080 4093 siout
1091 4059 1119 4108 p.
1131 4041 1183 4091 381
1199 4057 1232 4092 ex
1246 4044 1320 4103 „at“.
