2896 4764
610 345 757 441 .-.¹91-

107 556 203 634 atque
225 545 391 609 hominum
407 543 515 625 fidem,
536 545 677 609 victorio
700 545 793 608 nobie
815 546 852 608 in
873 568 976 609 mona
998 547 1114 632 est“¹);
1136 545 1269 632 plurimi

106 649 180 714 libri
204 647 294 712 Sall:
319 648 475 732 ,victoria
496 647 533 708 in
555 668 658 710 mauu
680 647 772 710 uobis
795 650 875 727 est“;
898 646 1083 728 Vaticanus,
1107 658 1270 715 corrector

109 751 230 816 codicis
252 751 278 814 P
299 750 332 812 in
355 770 474 832 marg.,
497 747 570 811 libri
592 749 618 811 P
626 758 637 790 ²
654 750 683 816 (b
698 746 768 832 p³l
790 748 919 830 ,cobis“
941 771 1000 833 pro
1023 750 1176 833 ,nobis“,
1200 759 1269 834 ,est

108 854 197 918 vobis
219 853 252 915 in
274 857 392 914 manu“
415 864 465 934 gl.
509 850 691 914 Pronomen
714 850 834 935 optime
856 849 968 916 abesse
983 859 1090 936 potest
1112 852 1192 938 (Μ
1215 852 1270 917 do-

109 957 242 1019 minatio
263 956 297 1017 in
321 952 482 1034 manibus3
506 952 546 1021 cf.
569 951 857 1037 Seyffert-Miller,
881 953 948 1018 Cic.
970 952 1058 1018 Lael.
1081 977 1114 1039 p.
1129 956 1188 1018 551
1207 977 1270 1041 sq.;

108 1058 179 1124 Liv.
197 1058 270 1139 Vll,
286 1056 336 1136 36,
356 1058 408 1121 10:
431 1054 509 1119 dum
524 1055 652 1118 occasio
667 1055 700 1116 in
715 1053 863 1119 manibus
879 1064 975 1139 esset,
999 1055 1089 1121 Ourt.
1100 1057 1161 1138 IX,
1173 1057 1203 1138 3,
1218 1058 1270 1120 14:

109 1160 254 1247 gloriam,
277 1180 359 1244 quae
382 1158 423 1222 ad
444 1178 574 1220 manum
589 1157 695 1241 posita
709 1159 788 1244 est);
810 1178 884 1220 nam
900 1156 999 1223 verba
1021 1180 1151 1241 „verum
1174 1159 1271 1224 enim-

110 1285 185 1329 vero
206 1283 265 1347 pro
288 1260 318 1330 d,
334 1282 362 1323 a.
379 1259 410 1322 h.
433 1259 486 1322 fid.
502 1259 577 1323 vict.
601 1297 640 1306 —
663 1267 731 1323 θεῖα
748 1262 897 1344 opposita
910 1271 983 1325 sunt
998 1262 1054 1342 eis,
1077 1283 1159 1347 quae
1181 1282 1271 1348 prae-

111 1366 244 1430 cedunt:
268 1383 369 1447 ,quae
392 1382 560 1447 quousque
583 1360 713 1425 tandem
734 1362 917 1447 patiemini,
938 1361 961 1426 f.
976 1362 1029 1426 a?
1050 1385 1155 1429 nonne
1171 1364 1272 1428 emori

36 1456 39 1461 ¹
111 1491 170 1554 per
190 1468 262 1533 virt.
284 1472 426 1549 praestat
455 1483 551 1548 quam
578 1464 679 1528 vitam
707 1464 856 1528 miseram
884 1473 981 1550 atque
1007 1464 1208 1529 inhonestam
1234 1502 1271 1514 -

111 1593 170 1656 per
199 1569 339 1633 dedecus
366 1564 557 1630 amittere?“
591 1574 623 1630 et
648 1567 797 1652 suspicor
824 1565 1067 1651 interpolatores
1094 1589 1273 1653 pronomen

113 1671 247 1755 „nobis“
263 1667 316 1734 vel
332 1667 464 1752 „vobis“
480 1666 698 1751 adjiciendum
713 1679 843 1753 putasse
859 1669 900 1733 ob
916 1690 963 1751 ea,
983 1689 1065 1754 quae
1080 1677 1273 1756 sequuntur:

113 1784 250 1856 ,contro
271 1771 339 1836 illis
361 1770 453 1832 annis
475 1779 570 1854 atque
592 1769 714 1834 divitiis
736 1771 844 1834 omnia
865 1777 1120 1836 consenuerunt“
1138 1773 1191 1858 (cf.
1208 1773 1273 1855 §.7

111 1874 174 1939 illis
200 1897 255 1955 -3
278 1872 376 1937 ceteri
392 1893 502 1935 omnes
527 1909 561 1917 -
586 1871 720 1955 fuimus,
743 1876 762 1937 8
778 1874 865 1959 apud
883 1873 952 1938 illos
969 1914 1008 1924 -
1024 1875 1133 1958 nobis;
1158 1875 1194 1937 11
1211 1873 1274 1937 illis

114 2014 154 2026 -
175 1975 285 2057 nobis,
307 1975 378 2039 illos
400 2012 440 2023 -
461 1973 583 2058 nobis),
614 1984 647 2038 at
672 1973 722 2038 his
753 1975 861 2040 verbis
891 1977 1039 2062 opposita
1067 1983 1140 2040 sunt
1167 1978 1275 2060 ,viget

114 2092 214 2157 aetas,
242 2079 368 2143 animus
398 2073 502 2140 valet“
530 2075 774 2162 simillimusque
804 2078 879 2142 huic
901 2087 950 2144 est
969 2078 1058 2142 locus
1081 2083 1111 2160 ξ.
1136 2078 1272 2141 12-13:

116 2181 267 2264 „divitias
288 2200 364 2244 suas
386 2178 513 2242 vincere
536 2186 701 2262 nequeunt
723 2181 781 2264 (sc.
803 2178 874 2266 illi).
932 2181 976 2244 At
997 2181 1089 2245 nobis
1118 2189 1166 2244 est
1188 2179 1275 2244 domi

114 2283 244 2368 iuopia“
267 2291 343 2364 etc,
372 2281 428 2344 ubi
455 2281 644 2364 pronomine
671 2279 713 2343 ad
742 2282 830 2365 prius
857 2282 1037 2346 membrum
1064 2283 1276 2368 oppositionis

115 2406 179 2449 non
202 2385 325 2470 adjecto
347 2384 380 2446 in
402 2383 578 2466 posteriore
600 2381 640 2445 ad
661 2383 841 2467 augendam
857 2384 1046 2466 gravitatem
1063 2387 1276 2470 oppositionis

14 2498 19 2503 '
116 2487 254 2573 scriptor
274 2486 399 2550 addidit
421 2490 493 2560 „at“
517 2485 600 2548 sicut
621 2483 681 2549 hoc
703 2484 774 2549 loco
800 2491 959 2570 „contrat

199 2589 289 2655 Idem
308 2589 432 2671 vitium,
456 2587 543 2675 quod
564 2588 596 2650 in
620 2609 730 2651 omnes
751 2587 851 2653 libros
873 2598 999 2653 nostros
1020 2589 1157 2674 irrepsit,
1179 2591 1277 2656 fuisse

116 2701 250 2777 apparet
266 2693 335 2777 jam
358 2692 392 2754 in
414 2688 591 2774 exemplari
612 2690 768 2754 Prisciani
794 2691 862 2758 Cat.
881 2692 933 2772 57,
947 2692 978 2773 4,
1002 2692 1057 2777 qui
1079 2690 1167 2756 locus
1189 2692 1276 2778 apud

115 2794 397 2880 grammaticum²)
426 2801 523 2878 atque
552 2793 586 2854 in
613 2790 759 2876 plurimis
793 2792 958 2856 codicibus
991 2791 1134 2857 Sallustii
1162 2795 1277 2858 eodem

117 2896 213 2960 modo
245 2896 385 2980 scriptus
419 2906 481 2959 est:
515 2894 648 2980 „Neque
680 2904 788 2959 tamen
820 2895 981 2958 Antonius
1012 2894 1126 2978 procul
1155 2895 1275 2978 aberat,

118 3006 230 3083 utpote
266 2997 320 3082 qui
356 3019 473 3081 magno
510 2997 653 3061 exercitu
688 2996 767 3060 locis
802 2995 1009 3082 aequioribus
1042 2999 1208 3082 expeditos
1239 3004 1277 3063 in

107 3101 203 3186 supa
230 3104 437 3184 sequeretur“
466 3100 537 3186 (μή
558 3100 703 3185 scpum“
734 3099 787 3162 Μ2
816 3109 846 3164 et
875 3099 1025 3163 undecim
1050 3100 1177 3164 codices
1200 3100 1277 3165 Sall.

118 3202 252 3267 secundi
273 3203 410 3287 generis,
430 3201 587 3265 Prisciani
603 3203 707 3267 codex
722 3201 766 3284 N3
791 3203 999 3287 ‚promouere
1015 3204 1169 3287 perpauci
1184 3202 1277 3272 codd.

119 3302 196 3368 Sall.
212 3303 344 3369 secundi
359 3305 513 3388 generis).
556 3303 647 3368 Haeo
667 3326 821 3388 perversa
842 3327 911 3369 esse
932 3326 1026 3369 nemo
1042 3326 1105 3368 non
1121 3305 1278 3390 intelligit.

119 3404 262 3471 Primum
285 3408 370 3471 enim
387 3445 427 3455 —-
442 3415 478 3470 ut
494 3406 651 3470 Dietschii
669 3409 715 3492 (p.
734 3408 786 3491 19)
809 3407 917 3471 verbis
938 3416 1063 3470 utar-
1083 3409 1138 3491 qui
1160 3430 1277 3492 magno

120 3509 262 3571 exercitu
290 3510 437 3593 quamvis
463 3507 541 3573 locis
570 3509 774 3595 aequioribus
804 3530 868 3590 eos,
896 3509 952 3594 qui
980 3509 1123 3593 expediti
1144 3509 1278 3594 fugiant,

120 3619 280 3696 sequatur,
302 3612 330 3675 si
347 3633 412 3675 non
426 3610 540 3696 procul
554 3612 647 3693 absit,
670 3611 817 3676 miraculi
831 3614 932 3676 instar
946 3622 1003 3676 est.
1048 3611 1175 3676 Deinde
1193 3612 1278 3677 Cati·

119 3711 223 3777 linarii
246 3735 325 3798 „per
347 3722 470 3778 montes
492 3718 643 3799 asperos“
667 3718 711 3797 (ξ.
737 3716 768 3800 1)
792 3715 1030 3800 proficiscentes
1062 3714 1224 3800 „expediti
1246 3717 1279 3778 in

120 3815 216 3899 fuga“
239 3817 349 3881 vocari
369 3837 433 3880 non
455 3824 600 3901 possunt.
645 3817 736 3896 Quae
759 3839 832 3879 cum
855 3819 898 3881 ita
921 3820 998 3901 sint,
1024 3818 1181 3902 scriptura
1201 3840 1279 3902 pau-

121 3938 234 3981 corum
248 3915 402 3982 librorum
419 3920 628 4002 ,empeditus“
643 3919 840 3984 restituenda
854 3920 980 3985 videtur
995 3929 1027 3984 et
1040 3930 1126 3986 recte
1136 3919 1280 3986 Kritzius

199 4156 222 4220 ¹)
242 4154 331 4205 Verba
346 4170 408 4221 ,pro
424 4156 501 4205 deum
515 4161 592 4221 atque
611 4155 745 4205 hominum
763 4154 859 4206 fidem“
876 4158 956 4207 etlam
969 4159 1039 4220 XIV,
1057 4176 1082 4223 p.
1097 4161 1131 4208 49
1148 4160 1279 4224 leguntur.

196 4246 220 4310 ²)
240 4245 346 4296 XVIII
351 4283 357 4309 ,
375 4264 403 4310 p.
423 4247 489 4296 343:
514 4249 596 4297 Attici
624 4241 870 4315 ,nupseraodtouro
895 4242 931 4310 ὡς
949 4243 1106 4317 ποιήσοντες
1131 4244 1210 4301 τόδε“
1237 4250 1280 4301 καὶ

125 4335 252 4407 ,noricus
271 4331 360 4389 toba“.
401 4339 526 4390 Similiter
544 4340 635 4390 nostri.
675 4339 737 4389 Sall.
759 4341 786 4389 in
807 4340 865 4391 Cat.
888 4357 990 4406 ,nequo
1010 4339 1087 4393 etc.“.
