2926 4492
718 49 738 112 9

657 138 804 147 W

149 250 201 333 ¹uel
224 248 284 332 „ab
306 248 398 314 hoste
419 270 484 312 non
505 255 715 334 conspectus“
732 247 784 313 vel
798 250 905 334 potius
922 251 973 333 „in
995 251 1116 317 castelli
1136 252 1302 337 planitiem

148 353 304 438 pervenit,
336 351 495 415 desertam
526 347 567 414 ab
601 374 639 416 ea
659 355 778 438 ‚parte“
815 350 870 438 (cf.
898 354 948 435 94,
972 353 1018 438 3).
1062 351 1210 438 Causam,
1245 378 1303 420 cur

149 454 251 540 Ligus
276 453 312 518 in
339 451 506 538 planitiem
533 452 654 517 castelli
681 455 850 539 pervenire
877 455 1034 539 potuerit,
1069 455 1169 520 verba
1192 459 1303 543 „cujus

149 557 248 620 ramis
264 592 301 603 -
318 556 427 618 nisus“
443 556 605 619 continent
619 564 651 620 et
665 553 868 620 solitudinem
882 555 929 619 ibi
942 555 1041 621 fuisse
1059 558 1127 642 jam
1150 562 1180 639 ξ.
1196 560 1215 622 3
1239 557 1303 622 dic-

150 669 219 724 tum
242 665 299 722 est.
334 656 378 720 Et
392 656 489 737 aliud,
513 677 642 742 quaeso,
666 657 863 722 consideres:
885 656 920 719 id
935 658 1021 743 quod
1037 657 1157 723 Marius
1172 669 1303 726 auctore

150 770 183 826 et
204 760 286 824 duce
303 758 422 844 Ligure
443 757 486 822 ad
508 758 700 844 capiendum
724 757 888 824 castellum
911 759 1055 843 parabat,
1078 771 1303 848 praeterquam

152 861 241 950 quod
255 881 397 925 summae
410 861 534 925 itineris
555 859 758 925 difficultates
772 861 1025 946 asperitatesque
1040 864 1305 947 supervadendae

152 972 339 1047 arantium
361 961 456 1026 modo
479 963 561 1028 bene
582 964 709 1028 evenire
731 970 866 1046 poterat,
897 962 924 1024 si
945 963 978 1026 in
1001 983 1039 1027 ea
1060 964 1182 1029 castelli
1202 975 1304 1050 parte,

152 1089 248 1153 quam
269 1064 456 1150 temptabat,
477 1086 572 1128 nemo
593 1064 734 1129 hostium
757 1067 870 1150 crau).
914 1065 987 1144 Qua
1008 1065 1048 1130 de
1071 1087 1168 1130 causa
1182 1067 1304 1131 Marius

151 1179 218 1235 toto
239 1168 301 1251 die,
324 1189 387 1253 quo
409 1167 511 1250 Ligus
533 1188 606 1230 cum
629 1170 744 1234 ceteris
766 1167 986 1248 escenderunt,
1019 1170 1159 1233 intentos
1175 1169 1305 1253 proelio
1381 1201 1382 1204 ¹

151 1271 319 1336 Numidas
342 1269 453 1334 babuit
476 1270 542 1354 (94,
557 1270 610 1354 3):
643 1292 753 1334 omnes
774 1292 851 1335 vero
873 1269 981 1334 hostes
1003 1268 1196 1356 spectaculo,
1219 1273 1305 1356 quod

152 1372 312 1458 proelium
331 1369 521 1455 praebebat,
557 1372 603 1436 ita
624 1370 723 1455 albei,
756 1380 792 1435 ut
819 1373 854 1434 in
880 1392 919 1434 ea
940 1379 1031 1455 parte
1053 1369 1190 1453 castelli,
1223 1394 1305 1458 quae

153 1494 268 1538 avorsa
279 1470 507 1559 proeliantibus
519 1481 597 1554 erat,
611 1494 705 1538 nemo
717 1481 870 1554 maneret,
886 1472 1007 1536 Marius
1017 1481 1140 1536 tantum
1157 1471 1306 1557 eLigure

152 1596 346 1660 cognoscere
372 1585 508 1660 poterat.
552 1575 657 1656 Quem
680 1597 752 1639 cum
775 1574 946 1640 Sallustius
974 1576 1008 1638 in
1030 1573 1153 1639 castelli
1173 1573 1305 1660 planitie

153 1678 261 1742 omnia
282 1674 501 1761 exploravisse
523 1677 618 1760 dicat,
641 1699 723 1763 quae
744 1699 821 1741 mox
836 1680 909 1741 usui
930 1677 997 1741 fore
1021 1677 1160 1742 ducebat
1182 1679 1246 1763 (94,
1259 1678 1305 1761 5),

151 1776 185 1844 id
207 1777 293 1865 quod
315 1779 395 1843 tanti
418 1779 569 1842 momenti
584 1789 662 1861 erat,
685 1781 874 1865 scriptorem
895 1778 1048 1843 hocloco
1069 1800 1134 1843 non
1150 1779 1305 1860 omisisse,

152 1880 209 1945 sed
239 1879 335 1965 plane
362 1889 395 1944 et
421 1888 531 1964 aperte
559 1881 746 1946 enunciasse
774 1903 965 1966 persuasum
1000 1880 1118 1946 habeo:
1153 1880 1306 1966 Ligurem

151 1981 417 2047 animadvertisse
428 1981 593 2048 castellum
609 2004 648 2046 ea
662 1981 702 2046 de
718 1999 814 2046 causa
825 1983 985 2048 desertum
1002 2005 1081 2066 esse,
1098 1981 1184 2068 quod
1201 1981 1307 2044 cuncti

152 2084 312 2149 Numidae
343 2085 459 2148 intenti
490 2083 721 2169 proeliantibus
751 2084 893 2149 aderant.
937 2085 1029 2164 Quae
1062 2106 1136 2147 cum
1168 2084 1212 2147 ita
1244 2084 1322 2146 sint'

151 2196 303 2273 tantaque
329 2186 363 2250 in
385 2185 547 2251 codicibus
577 2185 774 2272 perturbatio
797 2188 974 2272 scripturae
994 2186 1191 2265 inveniatur,
1223 2185 1307 2247 inter

152 2288 253 2354 verba
276 2292 332 2373 „iu
353 2289 479 2354 castelli
494 2288 671 2372 planitiem
688 2292 860 2376 peruenit“
884 2299 916 2354 et
936 2287 1037 2353 verba
1067 2286 1175 2373 „quod
1196 2287 1307 2350 cuacti

153 2392 320 2457 Numidae
346 2392 465 2456 iuteati
486 2391 729 2474 proeliantibus
756 2392 914 2456 aderaut“
946 2388 1105 2454 excidisse
1131 2397 1211 2472 puto
1242 2384 1305 2450 tale

154 2494 246 2578 quid:
271 2503 450 2576 „totamque
465 2491 625 2555 desertam
647 2513 713 2554 esse
728 2494 875 2555 animaru
897 2493 1058 2555 aduertit“
1083 2487 1149 2575 (vel
1166 2489 1303 2572 „seaait“

152 2596 204 2660 vel
228 2594 457 2679 „perspeuit“).
482 2629 519 2641 -
540 2591 649 2678 Atque
677 2590 758 2656 haec
780 2591 909 2678 quidem
931 2590 1095 2656 hactenus.
1139 2590 1242 2655 Venio
1264 2590 1305 2654 ad

153 2717 202 2780 ea,
236 2717 318 2781 quae
349 2692 445 2779 paulo
477 2701 551 2779 post
582 2694 661 2780 Juy.
692 2695 782 2776 93,8
813 2695 846 2757 in
879 2692 1024 2780 plurimis
1060 2691 1226 2758 codicibus
1258 2693 1306 2756 sic

153 2798 319 2882 leguntur:
357 2796 489 2882 „Itaque
515 2818 557 2860 ex
578 2798 675 2882 copia
695 2795 874 2862 tubicinum
900 2805 932 2862 et
953 2797 1150 2860 cornicinum
1172 2814 1305 2859 numero

154 2900 294 2987 quinque
320 2920 417 2984 quam
445 2897 674 2964 velocissumos
704 2898 823 2984 delegit
845 2908 973 2963 etcum
998 2899 1045 2963 eis
1065 2897 1226 2982 praesidio
1250 2897 1306 2983 qui

153 3003 256 3068 forent
285 3010 435 3087 quattuor
471 3003 671 3066 centuriones
699 3002 867 3086 omnisque
897 3000 1008 3084 Liguri
1040 3021 1154 3084 parere
1179 2997 1303 3085 jubet.“

154 3105 206 3169 De
235 3103 295 3167 boc
321 3102 393 3166 loco
422 3103 597 3168 rectissime
620 3102 804 3168 Dietschius
832 3105 962 3188 (comm.
985 3123 1016 3186 p.
1039 3102 1095 3184 27)
1124 3102 1304 3166 adnotavit:

154 3205 332 3287 „Quamvis
354 3205 478 3286 exeis,
511 3227 594 3290 quae
615 3205 699 3270 infra
720 3214 898 3284 narrantur,
921 3204 998 3267 satis
1019 3211 1187 3287 appareat,
1222 3224 1306 3288 quae

153 3309 273 3373 Marius
295 3306 337 3372 ad
359 3307 554 3393 capiundum
581 3306 745 3371 castellum
766 3306 885 3390 Ligure
910 3314 1039 3379 auctore
1061 3316 1093 3370 et
1114 3306 1196 3369 duce
1218 3305 1306 3369 insti-

152 3412 215 3476 tuit
235 3431 273 3476 eo
289 3420 461 3495 spectasse,
482 3418 519 3473 ut
532 3408 692 3474 Numidae
714 3408 755 3473 ab
770 3417 860 3492 tergo
876 3417 1068 3473 terrerentur
1089 3408 1192 3491 magis
1208 3428 1305 3493 quam

153 3514 409 3597 inpugnarentur
430 3513 494 3597 (94,
510 3512 555 3594 5),
583 3520 614 3576 et
636 3512 783 3596 quamvis
806 3531 880 3573 cum
901 3509 971 3573 aliis
993 3531 1034 3573 ex
1055 3509 1152 3574 rebus
1173 3517 1241 3573 tum
1263 3533 1305 3574 ex

154 3615 227 3699 ipsa
248 3614 462 3698 descriptione
484 3613 679 3677 ascensionis
703 3613 768 3698 (94,
784 3613 817 3698 2)
834 3613 987 3696 exiguum
1008 3633 1176 3676 numerum
1197 3633 1305 3677 escen·

155 3716 299 3779 dentium
319 3714 418 3779 fuisse
438 3715 511 3779 luce
532 3714 649 3778 clarius
671 3715 722 3795 sit,
744 3725 851 3778 tamen
874 3715 1015 3801 quinque
1030 3713 1225 3779 tubicinibus
1240 3736 1304 3777 non

154 3818 225 3904 plus
247 3825 398 3903 quattuor
412 3817 613 3906 centuriones
635 3826 762 3902 praeter
775 3817 927 3902 Ligurem
950 3817 1080 3881 comites
1099 3826 1131 3881 et
1144 3816 1304 3902 praesidio

230 4018 252 4085 Ι)
271 4019 367 4084 ltaque
387 4018 470 4083 Ligus
490 4018 547 4084 (93,
563 4016 591 4084 6)
614 4016 771 4084 „pollicetur
791 4034 850 4068 sese
876 4018 979 4068 itineris
994 4014 1160 4080 periculique
1180 4014 1302 4064 dueem“.
