2926 4492
153 273 202 336 ep.
224 247 331 313 Mitbr.
354 246 446 331 2(“1).
491 281 531 290 -
573 243 647 308 Jam
677 245 800 310 collatis
829 266 901 308 cum
927 244 1008 329 loco,
1039 247 1078 312 de
1108 270 1172 336 quo
1201 252 1308 335 agitur

152 353 239 441 (Ost.
261 351 313 432 25,
328 350 373 435 2),
401 345 559 433 exemplis
585 347 641 429 eis,
672 369 755 433 quae
777 345 938 412 simillima
959 358 1048 413 sunt:
1076 349 1146 415 Oat.
1168 353 1307 436 5,1-4,

151 453 209 518 ubi
231 451 397 533 Catilinae,
419 449 497 534 lug.
518 450 569 529 95,
584 449 615 530 3,
636 448 693 513 551
709 448 825 532 Sullae,
846 448 923 534 Jug.
944 451 995 531 28,
1010 453 1040 533 5,
1062 451 1118 516 551
1142 452 1309 538 Calpurnii

151 576 257 619 mores
290 552 524 637 depinguntur,
556 549 761 634 intelligitur,
795 550 982 616 Sallustium
1008 552 1043 615 in
1074 554 1165 618 initio
1194 555 1306 620 talium

151 656 404 740 descriptionum
426 650 574 738 copulam
595 673 715 737 ponere
737 652 838 719 solere
860 651 946 737 (Cat.
968 654 1050 734 5,1;
1079 655 1200 721 Lucius
1223 657 1307 722 (lati-

151 759 218 823 lina
240 795 279 806 -
298 756 373 842 fcit
397 776 515 839 magna
535 754 568 819 vi
595 762 627 818 et
648 754 748 819 animi
776 762 807 819 et
836 756 980 840 corporis
1002 764 1072 838 etc,
1098 758 1176 842 Jug.
1199 759 1249 841 95,
1273 761 1307 824 3:

150 862 252 946 igitur
280 856 369 923 Sulla
395 858 500 942 gentis
529 856 683 942 patriciae
711 854 828 920 nobilis
845 856 939 941 facim
969 857 1007 920 cf.
1031 856 1102 923 Oat.
1123 862 1227 944 54,1,
1255 863 1308 944 23,

154 963 253 1044 1-2,
275 960 352 1044 Jug.
374 959 425 1042 28,
440 960 487 1044 5),
516 965 629 1044 postea
657 957 811 1025 omittere.
854 958 969 1044 Itaque
992 959 1090 1024 etiam
1113 959 1183 1025 Oet.
1205 964 1257 1045 25,
1272 965 1307 1046 2,

154 1063 339 1129 Sallustium
360 1061 395 1125 in
415 1059 636 1125 describendis
664 1059 873 1145 Semproniae
902 1059 1047 1124 moribus
1076 1061 1174 1146 ,5555
1194 1063 1309 1128 mulier

153 1206 190 1216 —
214 1165 290 1230 satis
318 1163 481 1230 fortunata
496 1162 582 1248 soit,
609 1160 724 1226 litteris
748 1161 882 1226 Graecis
912 1171 944 1226 et
964 1162 1087 1228 Latinis
1109 1164 1203 1230 docta
1225 1175 1306 1231 oter

151 1268 319 1353 scripsisse
347 1286 536 1351 persuasum
564 1262 683 1346 55555,
712 1272 824 1349 postea
846 1284 922 1328 vero
953 1264 1070 1351 copula
1091 1266 1192 1331 semel
1212 1275 1308 1353 atque

151 1370 268 1433 iterum
291 1368 411 1432 omissa
432 1375 481 1432 est
502 1367 546 1453 (ἕ.
568 1367 598 1448 3,
620 1371 649 1448 ὅ.
672 1366 717 1451 5),
752 1401 791 1411 -
824 1364 931 1430 Etiam
959 1366 1070 1451 ineis,
1101 1389 1183 1454 quae
1210 1371 1307 1454 paulo

153 1479 228 1555 post
243 1494 281 1556 p.
306 1471 366 1534 110
386 1468 472 1554 apud
494 1469 689 1532 Frontonem
717 1465 879 1550 leguntur:
911 1469 1032 1551 ,55155
1060 1469 1131 1534 alio
1153 1494 1236 1555 quoe
1257 1475 1307 1536 in·

153 1581 331 1636 55555555
350 1572 517 1636 luceriae.
561 1570 628 1636 Sed
642 1571 690 1634 ei“
707 1578 768 1634 555.
785 1604 822 1616 -
846 1570 1042 1655 quamquam
1063 1593 1114 1635 res
1129 1572 1206 1636 satis
1226 1575 1309 1636 mira

143 1661 202 1737 'est
223 1679 254 1737 et
274 1672 330 1736 diu
352 1671 553 1756 multumque
575 1670 731 1752 dubitavi,
752 1678 859 1734 utrum
874 1670 951 1734 etin
967 1671 1028 1736 hoc
1042 1673 1120 1737 etin
1141 1677 1306 1760 superiore

152 1773 223 1838 loco
239 1773 368 1838 omissio
390 1772 524 1858 copulae
544 1771 668 1837 librarii
689 1771 841 1836 mendum
856 1773 898 1837 sit
912 1794 953 1835 55
969 1775 1140 1840 correctori
1154 1775 1308 1843 debeatur

152 1915 193 1924 -
212 1875 337 1941 librarii
364 1874 461 1960 culpa
489 1873 636 1959 copulam
665 1878 788 1958 „sunt“,
816 1895 913 1959 quam
941 1898 1053 1941 omnes
1076 1876 1154 1941 Sall.
1176 1879 1305 1944 codices

151 1977 270 2043 habent
299 1979 409 2062 („sunt
435 1974 601 2041 15555155ιι
633 1975 673 2067 G,
704 1974 761 2039 sed
790 1979 1082 2071 corr.,g1s1h)‚
1111 1989 1185 2046 5555
1209 1984 1304 2066 ,555ιι

150 2081 311 2145 excidisse
332 2087 422 2164 puto.
464 2079 503 2142 In
525 2078 637 2162 paucis
658 2075 722 2140 illis
743 2075 821 2141 locis
844 2100 942 2164 supra
964 2084 1166 2166 enumeratis,
1189 2085 1307 2168 quibus

150 2181 321 2247 Sallustius
341 2181 375 2245 in
396 2180 566 2245 enunciato
589 2178 777 2245 secundario
800 2178 948 2266 copulam
971 2181 1087 2264 omisit,
1109 2192 1173 2265 aut,
1194 2187 1276 2250 neit
1295 2225 1306 2235 -

148 2293 219 2349 rata
247 2282 364 2370 copula
393 2284 545 2348 orationis
575 2284 766 2368 compositio
797 2279 1006 2349 similitudine
1038 2284 1229 2369 offenderet,
1260 2289 1307 2351 ita

150 2388 278 2472 scripsit
299 2394 355 2451 aut
374 2385 533 2472 quaedam
555 2387 699 2470 gravitas
720 2386 754 2448 in
776 2386 934 2449 sententia
953 2386 1048 2450 inest:
1071 2408 1208 2472 quorum
1230 2410 1306 2452 neu-

149 2498 234 2552 trum
256 2490 289 2551 in
311 2487 396 2551 5555
416 2486 522 2549 15555
545 2485 642 2548 cadit.

233 2589 338 2652 Aede
360 2589 416 2668 eis,
440 2606 522 2671 quae
544 2607 563 2649 a
584 2583 715 2649 librario
732 2587 842 2651 vitiata
864 2607 935 2651 esse
956 2587 1114 2670 videntur,
1138 2589 1306 2674 hactenus;

144 2692 216 2776 jam
237 2673 415 2768 videamus,
436 2686 494 2751 ubi
514 2688 635 2751 Fronto
663 2685 750 2751 55155
771 2687 824 2750 vel
845 2708 919 2751 cum
940 2690 1141 2775 paucissimis
1164 2690 1307 2757 Sallustii

150 2792 315 2857 codicibus
344 2809 454 2854 veram
486 2788 656 2854 lectionem
690 2793 875 2854 servaverit.
928 2792 978 2854 Ac
1005 2793 1145 2877 primum
1176 2793 1304 2879 quidem

150 2901 304 2978 excerpta
318 2892 488 2956 Frontonis
503 2889 671 2965 nonnullas
685 2901 811 2958 veteres
825 2902 922 2979 atque
943 2893 1165 2959 insolentiores
1187 2895 1305 2960 formas

150 3002 295 3059 tuentur:
318 3018 356 3078 p.
381 2994 440 3057 108
462 3023 504 3048 =
524 2994 603 3078 ι159.
626 2995 690 3076 6,1
720 2994 864 3060 dativum
894 2994 1011 3077 „luxu“
1041 2996 1097 3081 (=
1117 2996 1153 3059 M
1173 2997 1227 3060 ΜΙ
1250 2998 1304 3062 Μ1

149 3119 171 3182 p
194 3117 226 3158 m
248 3107 291 3180 g³
315 3093 459 3176 55155,
482 3093 524 3179 cf.
546 3096 657 3160 Diom.
673 3119 711 3180 p.
734 3098 826 3178 341),
842 3120 880 3181 p.
907 3098 967 3160 110
987 3126 1030 3152 =
1050 3098 1130 3182 Jup.
1152 3098 1205 3178 44,
1221 3101 1305 3163 4-5

151 3197 268 3282 „odos“
294 3195 519 3282 (=g1hut‚
547 3196 602 3264 rel.
633 3198 766 3283 „odor“)
797 3208 830 3263 et
855 3196 1046 3262 adverbium
1075 3197 1168 3280 „diu“
1200 3200 1304 3285 (=P

148 3299 205 3363 Μ’
227 3310 302 3384 sg³3
327 3296 416 3383 ,diet
440 3295 511 3381 rel.;
534 3299 576 3362 cf.
595 3298 671 3382 Jug.
696 3301 747 3381 38,
770 3301 806 3382 3,
830 3299 880 3381 70,
899 3302 932 3381 1,
954 3299 997 3364 Η.
1018 3299 1063 3380 ΙΙ,
1086 3298 1151 3383 54).
1196 3299 1306 3380 Quid?

150 3400 234 3485 quod
255 3399 356 3466 verba
379 3423 498 3485 „nequa
520 3402 781 3482 muniebantur“,
813 3422 894 3486 quae
916 3403 995 3487 ι159.
1016 3402 1105 3483 44,5
1132 3402 1304 3467 inserenda
1334 3442 1337 3447 -

87 3520 89 3524 ·
149 3524 219 3567 5555
235 3502 446 3589 jampridem
465 3501 609 3566 homines
624 3502 711 3567 docti
727 3512 927 3584 censuerunt,
950 3503 1054 3567 codex
1068 3503 1305 3570 Frontonianus

149 3604 332 3669 firmissime
361 3603 593 3689 5555555521)
648 3603 854 3690 Quamquam
879 3627 944 3669 non
972 3603 1111 3687 defuere,
1141 3607 1197 3691 qui
1224 3607 1304 3672 haec

383 3751 449 3758 ...-

226 3838 247 3901 Ι)
273 3838 334 3888 Η55
357 3839 418 3891 1555
437 3843 466 3890 in
489 3841 546 3892 fere
568 3841 690 3893 omnibus
710 3840 849 3894 codicibus
875 3843 943 3893 haec
965 3842 1103 3906 leguntur:
1132 3843 1304 3910 „plerumque

150 3929 249 3981 milites
267 3930 372 3981 stativis
393 3934 487 3984 castris
506 3933 634 3997 habebat,
659 3935 711 3985 nisi
736 3949 795 3985 cum
816 3933 882 3985 odos
907 3939 954 3984 aut
978 3934 1070 4000 pabuli
1090 3941 1197 3999 egestas
1215 3935 1304 3986 locum

150 4026 251 4072 mutare
271 4022 422 4087 subegerat.
461 4021 514 4077 Sed
533 4041 616 4090 aeque
628 4041 699 4076 more
718 4022 827 4075 militari
845 4023 952 4090 cipilioe
966 4025 1191 4077 seductoriam
1233 4025 1307 4088 ,Sed
