2926 4492
519 97 521 101 ψ
625 70 772 164 „rr-

120 275 267 334 tuerant“
290 300 331 326 =
353 270 430 353 Jug.
456 269 554 351 18‚9;
584 269 725 352 &4072
757 269 884 351 „omnia
913 290 986 333 cum
1014 269 1118 354 pretio
1148 268 1282 357 honesta

119 371 289 435 videntum
319 400 362 426 =
387 371 463 456 Jug.
490 373 542 452 86,
561 372 597 452 3;
625 371 670 451 ΙΙ,
693 370 771 434 475:
805 370 1103 457 „supplementum“
1135 371 1173 434 cf.
1202 371 1280 455 Jug.

119 471 221 555 39,2;
243 473 343 555 84,2;
365 474 398 555 33
429 474 498 554 VII,
520 472 600 555 4603
622 474 699 537 508:
723 473 875 556 „velites“
891 473 931 537 cf.
947 473 1022 558 Jug.
1039 473 1090 553 46,
1104 473 1133 536 7.
1175 471 1281 536 Locus
1365 516 1368 520 ι

122 567 192 640 (lot.
208 575 291 655 61,2
320 575 371 654 VI,
393 575 452 638 132
468 575 513 638 ita
527 573 660 659 legitur:
683 598 796 660 „qoem
817 579 952 661 quisquc
973 575 1160 661 popnando
1176 573 1281 638 locam

120 686 260 760 ceperat,
293 696 367 739 eum
399 676 519 740 amissa
550 678 658 739 anima
692 698 826 762 corpore
858 677 1017 761 tegebat“.
1070 675 1178 756 Quare
1207 697 1281 739 cum

121 781 255 860 „uivus“
279 777 367 862 apud
381 776 512 843 Florum
527 787 560 843 et
581 779 787 844 scholiastam
809 778 934 842 Lucani
948 778 1047 842 Usen.
1069 777 1162 858 desit,
1184 776 1281 840 alium

119 878 208 963 apud
239 877 441 943 scholiastam
470 878 594 944 Lucani
615 882 723 964 Web,
755 879 851 944 alium
884 881 918 943 in
950 879 1111 965 plerisque
1140 877 1282 943 Sallustii

120 979 212 1045 libris
238 978 346 1044 locum
375 981 527 1065 obtineat,
560 982 662 1047 multa
689 992 856 1068 praeterea
884 982 918 1045 in
946 980 1078 1067 reliquis
1100 987 1222 1043 mutata
1244 1001 1282 1044 ac

120 1081 309 1168 perturbata
337 1083 410 1165 sint,
440 1091 586 1149 constare
614 1087 750 1167 videtur,
782 1085 816 1149 id
843 1084 930 1170 quod
954 1084 1023 1170 jam
1054 1081 1183 1146 Curtius
1212 1081 1283 1168 (qui

122 1183 217 1249 Lucr.
241 1185 298 1266 VI,
329 1186 411 1249 1122
440 1194 472 1250 et
499 1187 612 1251 Senec.
640 1211 691 1274 ep.
716 1189 778 1252 104
808 1186 944 1273 confert)
974 1195 1006 1249 et
1033 1182 1283 1268 Oudendorpius

122 1284 164 1350 ad
186 1286 265 1350 Luc.
287 1309 319 1373 p.
341 1287 405 1350 432
434 1299 678 1374 perspexerunt,
705 1288 901 1353 vocabulum
931 1289 1064 1370 „oioaa“
1097 1308 1168 1350 csse
1194 1285 1284 1348 addi-

121 1392 299 1453 tamentum
326 1389 574 1475 interpolatoris,
604 1393 660 1478 qui
681 1390 800 1457 habere
821 1389 931 1470 voluit,
962 1388 1049 1474 quod
1075 1388 1285 1472 responderet

122 1489 241 1573 verbis,
269 1511 352 1577 quae
379 1503 566 1578 sequuntur,
596 1495 735 1577 „amissa
760 1494 898 1575 anima“,
927 1491 1064 1575 petitum
1085 1490 1220 1553 fortasse
1242 1511 1284 1552 ex

123 1591 266 1678 ejusdem
288 1594 416 1678 capitis
444 1601 473 1678 ξ.
496 1598 518 1659 4
545 1594 746 1682 („paululum
779 1595 876 1660 etiam
909 1595 1035 1678 spirans
1067 1591 1283 1676 ferociamque

123 1695 233 1776 animi,
256 1716 352 1780 quam
375 1694 530 1763 habuerat
543 1701 648 1781 vicus,
670 1699 704 1760 in
717 1695 807 1762 voltu
821 1696 1012 1782 retinens“);
1035 1691 1150 1757 similia
1164 1691 1284 1777 glosse-

124 1806 211 1861 mata
232 1797 493 1882 suntht.12,b
516 1799 713 1883 „hostibus“,
734 1799 929 1883 Jug.113,3
953 1796 1147 1880 „corporis“.
1190 1795 1284 1858 Patet

125 1898 220 1979 enim,
253 1899 361 1963 verbis
391 1903 530 1981 „amissa
554 1902 680 1965 anima“
714 1900 909 1985 respondere
943 1903 1117 1983 „corpore“
1143 1905 1176 1962 et
1201 1895 1284 1960 hanc
1333 1974 1335 1979 ,

125 2021 196 2066 esse
225 2002 429 2066 sententiam:
457 2024 719 2089 unumquemque
749 2002 928 2066 concidisse
954 2003 987 2063 in
1016 2022 1053 2064 eo
1075 1998 1157 2081 loco,
1188 2021 1284 2085 quem

123 2124 273 2189 pugnans
300 2143 343 2151 -
372 2104 588 2189 „pugnando“
615 2103 776 2170 ablativus
805 2111 866 2185 est3
897 2102 1028 2186 Sauppe
1057 2099 1171 2166 Philol.
1199 2101 1284 2165 XIX

44 2254 47 2261 .
123 2226 156 2290 p.
178 2204 257 2287 2563
279 2203 394 2270 Florus
418 2208 471 2289 „in
493 2207 687 2293 pugnando“
711 2246 750 2255 —
774 2211 904 2290 ceperat
926 2203 980 2289 (cf.
1003 2208 1033 2285 ξ.
1056 2204 1101 2287 3),
1124 2202 1283 2266 neminem

123 2304 195 2370 loco
211 2309 356 2389 cessisse,
379 2308 435 2373 sed
452 2331 561 2375 omnes
576 2310 683 2375 locum
699 2315 866 2392 acceptum
885 2307 1026 2370 tenuisse
1040 2305 1086 2368 ita
1100 2312 1136 2367 ut
1149 2302 1285 2366 morien-

123 2415 173 2471 tes
196 2409 385 2493 corporibus
412 2434 486 2475 eum
512 2421 658 2496 tegerent
681 2410 734 2495 (cf.
756 2410 873 2474 Justin.
895 2409 958 2490 IX,
980 2408 1079 2490 3,10:
1106 2404 1179 2468 loca
1200 2425 1284 2490 quae

122 2509 243 2573 tuenda
265 2532 284 2573 a
307 2511 444 2575 ducibus
468 2521 670 2597 acceperant,
699 2513 872 2574 morientes
894 2509 1082 2594 corporibus
1109 2507 1284 2590 texerunt).

124 2610 235 2691 Quare
257 2611 449 2679 vocabulum
473 2615 608 2697 „vivus“
635 2634 700 2677 non
732 2612 836 2676 solum
867 2610 1076 2696 superfluum,
1109 2609 1285 2674 sedetiam

123 2712 355 2777 alienissimum
371 2714 412 2779 ab
434 2714 496 2779 hoc
515 2715 586 2779 loco
601 2736 640 2779 ac
654 2737 758 2801 paene
779 2717 924 2798 ineptum
941 2721 999 2778 est.
1044 2713 1093 2781 Of.
1109 2721 1285 2797 praeterea,

123 2835 207 2900 quae
223 2813 262 2880 de
285 2815 346 2881 hoe
367 2815 437 2882 loco
460 2817 639 2904 disputavit
652 2817 767 2902 Vogel,
789 2816 974 2898 ὁμοιότητες
989 2815 1117 2879 Sallust.
1135 2837 1168 2899 p.
1186 2816 1224 2877 10
1236 2835 1284 2899 sq.

210 2915 274 2982 Sed
294 2919 391 2983 redeo
406 2919 448 2984 ad
464 2919 622 2985 Servium.
668 2919 854 3005 Sequuntur
875 2920 905 2982 ei
926 2918 997 3000 loci,
1021 2917 1138 3003 quibus
1155 2917 1285 2981 Servius

124 3038 202 3082 usus
229 3028 278 3084 est
305 3021 346 3084 ad
376 3020 601 3088 illustrandum
628 3022 763 3086 verbum
793 3020 924 3108 aliquod
955 3020 1008 3084 vel
1031 3006 1285 3084 usum‘dicendi.

124 3119 238 3184 Exeo
265 3144 399 3188 numero
429 3125 561 3209 triginta
588 3125 676 3212 apud
698 3124 846 3188 Servium
874 3125 920 3187 ita
946 3131 982 3186 ut
1009 3124 1043 3184 in
1072 3119 1232 3204 plerisque
1255 3129 1287 3184 et

125 3221 256 3306 optimis
280 3223 421 3290 Sallustii
441 3226 532 3293 libris
554 3227 718 3311 leguntur:
741 3226 786 3288 ud
806 3224 889 3288 Aca.
911 3225 996 3305 tle
1016 3253 1058 3278 =
1079 3221 1156 3306 Jug.
1178 3223 1229 3303 31,
1247 3223 1287 3286 10

127 3323 197 3408 (ubi
226 3324 319 3390 multi
346 3327 421 3393 libri
448 3331 564 3394 vitiose
593 3327 795 3413 „magnifici“
824 3347 883 3413 pro
906 3325 1116 3411 „magnifice“
1137 3321 1286 3410 habent);

124 3424 151 3507 I,
166 3428 208 3491 46
222 3459 264 3484 =
278 3428 421 3516 sup-31,
437 3431 495 3514 203
518 3432 543 3514 I,
559 3433 600 3497 93
615 3462 656 3487 =
672 3430 742 3496 Cat.
759 3431 809 3509 30,
825 3429 860 3511 33
883 3427 909 3510 Ι,
928 3428 987 3492 114
1001 3458 1044 3484 =
1058 3425 1135 3510 Jug.
1151 3426 1202 3506 67,
1219 3425 1287 3511 1¹);

127 3578 429 3592 Ἁ-

175 3740 181 3761 f
211 3669 237 3738 ¹)
257 3677 309 3740 „Et
328 3682 369 3729 est
388 3681 479 3744 tropus
499 3677 679 3742 synecdoche,
697 3682 728 3727 ut
748 3676 890 3728 Sallustius
910 3677 937 3725 in
950 3673 1127 3738 Jugurthinoz
1146 3670 1286 3736 abicique

125 3778 150 3823 et
172 3778 248 3823 acuta
274 3777 364 3832 aaut,
384 3767 555 3833 praesidium
580 3767 706 3833 bostium,
732 3785 780 3837 per
805 3773 882 3821 scuta
909 3766 1116 3831 intelligendum
1143 3768 1171 3813 et
1196 3767 1286 3812 cetera

125 3865 218 3914 arma“
240 3859 316 3928 (add.
330 3858 388 3924 D.).
426 3859 488 3927 Jup.
502 3860 574 3924 67‚1
595 3860 657 3910 libri
676 3861 788 3911 habent:
811 3860 941 3922 „Romani
960 3856 1059 3908 milites
1081 3882 1114 3890 -
1134 3855 1285 3919 trepidare:

47 3949 50 3952 ’
126 3971 214 4005 arcem
234 3953 325 4020 (pauci
346 3951 400 4012 „ad
418 3950 534 4014 arcem“)
554 3951 661 4018 oppidi,
687 3953 734 4002 ubi
753 3954 831 4018 signa
857 3956 884 4001 et
908 3956 985 4001 scuta
1009 3952 1096 4011 erent,
1122 3944 1286 4011 praesidium

125 4045 257 4109 hostium,
285 4048 378 4111 portae
408 4048 469 4094 ante
500 4043 608 4095 clausae
630 4043 730 4110 sapam
759 4041 845 4109 (fuya
863 4043 941 4107 PP¹;
967 4058 1018 4093 om.
1038 4037 1085 4105 E.)
1109 4034 1287 4102 prohibebant

1051 4123 1105 4183 rba
