2926 4492
697 50 845 147 ,1.1..-

196 252 297 317 abest.
340 251 455 316 Totam
477 252 666 317 sententiam
690 253 759 332 „ita
776 288 814 298 —
827 249 930 335 foeta
951 261 1040 314 0001α
1063 250 1096 312 10
1113 246 1265 313 Sallustio
1281 248 1354 315 001.

198 355 264 435 6,2
284 353 393 436 101000,
414 353 448 416 10
469 352 617 437 plurimis
645 351 737 416 libris
763 349 911 415 lacunam
940 353 1102 436 exstare1)
1131 350 1265 415 Rothius
1283 352 1355 437 jam

199 455 297 541 (Mus.
324 455 426 522 Rhen.
453 455 514 538 IX,
536 476 568 539 p.
590 454 653 519 632
675 453 739 539 sq.)
769 460 802 516 01
829 451 992 518 Jordanus
1023 451 1058 538 (l.
1085 455 1127 533 0.)
1157 455 1356 538 argumentis

196 557 476 620 confirmaverunt.
518 555 615 636 Quod
631 554 773 620 Sallustii
793 576 911 620 nomen
925 555 960 617 in
974 552 1148 639 Augustini
1168 554 1240 619 loco
1261 577 1355 642 prae·

196 657 297 722 fixum
318 679 383 722 non
405 665 463 741 est,
484 656 652 722 offensioni
673 680 744 724 esse
766 657 886 743 nequit.
929 657 1014 722 Nam
1028 657 1061 719 in
1083 655 1196 721 eadem
1218 657 1357 742 epistola

74 839 77 844 4
196 767 228 822 01
248 760 443 825 antecedunt
465 767 497 825 et
518 769 695 846 sequuntur
716 758 898 846 complures
920 756 1003 823 aliae
1025 760 1201 824 sententiae
1224 781 1267 823 ex
1286 758 1355 825 Sal-

194 861 283 925 lustii
305 860 403 927 Bellis
425 883 489 926 000
509 864 674 926 nominato
695 863 851 948 scriptore
872 861 992 947 petitae
1015 860 1126 947 (01.9,
1157 862 1197 925 10
1216 892 1260 918 =
1282 859 1355 926 001.

196 965 227 1045 9,
242 965 278 1047 1),
306 965 346 1030 16
367 994 409 1021 =
429 964 507 1049 Jug.
529 964 654 1047 3o,10;
684 963 753 1031 (lat.
778 965 829 1046 11,
844 965 895 1048 6),
923 972 955 1027 01
984 964 1113 1026 omnino
1142 964 1175 1025 in
1197 961 1355 1048 Epistolis

197 1072 229 1130 et
251 1064 516 1130 Confessionibus
548 1073 684 1151 excepto
715 1087 780 1130 uno
812 1064 884 1130 loco
915 1064 978 1149 Ep.
1002 1063 1128 1147 138,16
1159 1063 1259 1130 verba
1286 1063 1356 1130 Sal-

196 1165 334 1231 lustiana
352 1189 457 1253 neque
478 1169 608 1232 nomine
624 1166 766 1232 Sallustii
787 1189 893 1253 neque
915 1166 1006 1231 titulo
1020 1165 1095 1230 libri
1109 1165 1219 1231 addito
1234 1168 1357 1233 inserta

198 1277 283 1333 sunt.
325 1269 461 1332 Maximi
475 1290 551 1334 vero
573 1271 736 1352 momenti,
749 1291 799 1334 ne
815 1270 887 1354 quis
901 1268 1021 1352 credat,
1042 1268 1144 1333 verba
1165 1270 1280 1354 „opud
1300 1292 1356 1335 eos

200 1374 286 1436 enim
307 1373 356 1437 ito
377 1372 517 1459 tapitar“
540 1370 580 1436 de
604 1370 755 1436 Sallustio
784 1371 870 1436 dicta
891 1393 962 1436 0000
983 1393 1047 1435 000
1068 1392 1174 1457 posse,
1196 1380 1246 1436 est
1266 1370 1356 1436 locus

198 1473 262 1559 Ep.
286 1473 355 1555 167,
372 1474 405 1536 7:
429 1472 598 1559 „Catilina
619 1482 656 1538 ut
677 1473 717 1538 ds
738 1472 793 1537 illo
814 1476 1028 1557 scripserant,
1050 1475 1109 1558 qai
1129 1493 1223 1537 nosse
1244 1481 1355 1558 potue-

198 1583 283 1657 runt,
304 1577 405 1660 frigus
421 1576 507 1639 sitim
527 1576 645 1641 famem
667 1575 749 1640 ferre
763 1583 891 1661 poterat
904 1584 1037 1660 eratque
1054 1576 1189 1660 potiens
1212 1577 1355 1656 inediae,

200 1665 335 1764 0790010,
357 1678 502 1763 vigiliae,
525 1701 631 1764 supro
652 1700 750 1763 quom
773 1681 926 1761 cuiquem
947 1677 1101 1760 credibile
1123 1681 1186 1741 001α
1210 1680 1267 1761 (=
1283 1675 1354 1742 001.

198 1781 230 1862 5,
246 1779 291 1865 3).
335 1777 444 1844 Verba
466 1779 530 1863 „ita
544 1817 584 1828 —-
599 1779 685 1844 facta
706 1779 792 1842 erat“
817 1777 1031 1844 Sallustianae
1046 1779 1199 1844 orationis
1214 1779 1355 1864 speciem

199 1903 277 1966 prae
304 1903 338 1945 se
369 1879 461 1962 ferre,
493 1901 588 1946 nemo
619 1878 819 1945 infitiabitur.
862 1881 905 1946 Et
937 1882 1078 1946 maxime
1111 1881 1243 1966 quidem
1275 1881 1355 1944 mihi

198 1980 548 2068 plusquamperfectum
584 1982 687 2067 „facta
714 1989 800 2048 erat“
834 2004 876 2046 ex
906 1981 1046 2048 Sallustii
1079 1981 1207 2047 dicendi
1237 2004 1355 2068 genere

199 2107 270 2150 esse
302 2083 444 2150 videtur:
475 2105 573 2171 saepe
605 2087 690 2149 enim
724 2083 894 2149 Sallustius
926 2082 1278 2169 plusquamperfectum
1310 2086 1357 2149 ita

199 2195 350 2272 usurpat,
385 2194 421 2252 ut
449 2187 520 2272 jam
556 2186 681 2250 intuens
713 2187 886 2270 insequens
921 2194 1049 2272 tempus
1085 2187 1180 2252 tacite
1215 2186 1257 2250 ad
1292 2185 1355 2251 hoc
1454 2219 1457 2223 ·

198 2291 315 2355 referat
345 2289 466 2354 factum
499 2284 811 2372 plusquamperfecto
844 2309 1048 2372 expressum,
1085 2289 1125 2352 01.
1154 2287 1224 2353 001.
1246 2288 1297 2369 28,
1317 2289 1354 2372 3,

198 2394 250 2475 56,
265 2393 301 2476 2,
330 2391 406 2474 Jug.
428 2387 480 2470 77,
495 2389 531 2472 3,
554 2387 619 2470 7,4
641 2390 694 2474 (00
714 2410 766 2452 res
786 2386 881 2474 longe
909 2387 1001 2454 aliter
1022 2391 1136 2456 evenit.
1192 2390 1275 2454 Nam
1297 2390 1356 2454 Ju-

198 2493 316 2578 gurtha
340 2533 375 2541 -
398 2492 432 2554 in
460 2495 581 2556 tantam
609 2488 829 2556 claritudinem
861 2492 950 2559 brevi
971 2503 1178 2577 perseuerat,
1205 2499 1241 2557 ut
1262 2496 1355 2575 010),

198 2595 300 2659 Kritz.
322 2594 364 2658 ad
386 2592 454 2660 001.
477 2594 527 2677 24,
554 2594 586 2677 1,
613 2593 712 2658 Fabri
734 2592 775 2656 ad
798 2591 868 2659 001.
892 2593 947 2676 18,
968 2594 997 2659 6.
1055 2593 1237 2676 Postremo,
1266 2593 1354 2680 quod

198 2697 425 2781 gravissimum
452 2705 514 2778 est,
547 2695 737 2760 sententiam
765 2693 852 2758 illam
880 2694 967 2759 haud
999 2697 1081 2761 bene
1113 2696 1228 2762 abesse
1258 2717 1355 2782 posse

133 2862 140 2874 ,
199 2796 339 2862 ostendit
358 2796 521 2860 Jordanus
543 2819 581 2863 00
603 2795 643 2861 de
665 2818 772 2880 causa,
799 2798 875 2882 quia
897 2800 1058 2863 civitatem
1069 2798 1203 2884 factam
1224 2819 1290 2863 esse
1312 2819 1355 2862 ex

198 2897 401 2964 multitudine
437 2898 540 2963 soluta
570 2920 609 2962 ac
641 2899 731 2963 varia
766 2899 946 2963 necessario
980 2899 1151 2964 dicendum
1183 2898 1258 2963 fuit:
1291 2899 1355 2964 tale

199 2999 279 3086 quid
300 3000 500 3066 desideratur
521 3002 562 3066 ob
585 3022 633 3082 ea,
667 3021 749 3086 quae
771 3001 963 3066 antecedunt
984 3002 1030 3087 (ξ.
1050 3001 1085 3064 1:
1118 3003 1175 3086 qui
1196 3041 1236 3051 -
1257 3022 1355 3087 vaga·

197 3101 325 3186 bantur,
349 3141 386 3152 -
410 3105 478 3168 0100
508 3101 644 3188 legibus,
677 3103 746 3167 sine
766 3103 900 3187 inperio,
922 3103 1059 3168 liberum
1081 3112 1178 3189 atque
1199 3102 1355 3187 solutum3

197 3209 228 3287 §-
250 3207 287 3270 2:
310 3204 431 3291 dispari
452 3227 579 3290 genere,
601 3204 750 3269 dissimili
770 3203 889 3289 lingua,
911 3205 965 3269 alii
986 3205 1049 3270 alio
1073 3226 1161 3270 more
1182 3207 1354 3291 viventes).

199 3306 250 3372 01.
265 3307 349 3374 Η101.
371 3306 429 3389 lV,
451 3307 556 3388 61,17
580 3309 776 3393 („convenas
793 3345 832 3354 —
848 3307 1038 3391 conditos‘t).
1079 3307 1187 3371 Etiam
1210 3306 1250 3372 de
1271 3328 1354 3372 voce

200 3409 383 3494 „dispersal
407 3430 479 3472 cum
500 3407 643 3472 Jordano
666 3406 845 3473 consentio:
878 3407 956 3473 haec
988 3410 1073 3473 enim
1104 3409 1200 3473 lectio
1227 3410 1354 3474 atesti-

198 3513 307 3576 monio
328 3510 503 3595 Augustini
529 3509 716 3596 recipienda
747 3508 875 3574 videtur
908 3510 961 3595 (cf.
982 3511 1057 3596 Jug.
1079 3512 1130 3593 41,
1145 3513 1178 3594 6,
1200 3511 1257 3576 ubi
1278 3533 1354 3576 cum

198 3612 358 3699 adjectivo
382 3611 581 3696 ,7110000000ιι
609 3613 757 3696 junctum
785 3620 834 3677 est
863 3611 1035 3696 „solutus“,
1068 3613 1156 3698 quod
1186 3615 1295 3700 ipsum
1319 3615 1354 3677 in

199 3714 355 3780 Catilinae
377 3735 448 3798 cap.
471 3714 500 3794 6,
522 3718 552 3794 ξ.
577 3715 592 3776 l
616 3712 757 3800 legitur),
784 3735 849 3778 non
878 3735 920 3779 ex
947 3715 1058 3801 paucis
1079 3713 1141 3780 illis
1163 3715 1240 3781 Sall.
1261 3715 1353 3782 libris

273 3934 295 3997 ¹)
314 3932 456 3983 Facillime
475 3930 532 3982 fieri
551 3933 678 3998 potuisse,
699 3937 728 3984 ut
746 3933 869 3986 librarius
883 3951 899 3985 a
914 3934 1096 3998 ,00010001011
1118 3933 1203 3986 oculis
1217 3934 1354 3986 aberraret

200 4024 235 4074 ad
255 4024 344 4086 „iacta
364 4025 448 4088 erotf,
468 4024 553 4076 obiter
572 4040 675 4076 moneo.
