2926 4492
718 148 868 156 *w—

211 283 319 325 vucua
349 259 575 343 defensoribus
602 259 726 324 castelli
752 259 975 344 pervertissent
1002 255 1057 342 (cf.
1084 255 1160 340 Jug.
1183 257 1235 339 93,
1257 257 1294 321 2:
1327 259 1370 324 ab

211 361 311 426 latere
333 358 465 444 castelli,
488 358 575 445 quod
596 380 746 425 avorsum
761 355 994 444 proeliantibus
1009 364 1093 439 erat,
1115 357 1166 433 94,
1182 360 1217 423 3:
1239 359 1370 424 tandem

212 463 247 526 in
268 460 433 527 castellum
455 462 656 546 perveniunt,
692 461 853 525 desertum
875 459 916 524 ab
939 481 978 525 ea
1001 469 1103 544 parte,
1140 460 1226 545 quod
1248 482 1370 545 onmes,

212 565 296 628 sicut
322 562 394 627 aliis
424 562 547 646 diebus,
580 562 754 629 advorsum
781 562 883 627 hostis
903 561 1061 646 aderant),
1096 570 1129 627 et
1150 563 1316 628 concinere
1338 572 1372 629 et

212 664 410 749 tumultuari,
424 672 461 729 ut
474 674 684 751 praeceptum
698 672 775 748 erat,
792 673 982 751 coeperunt:
1003 662 1045 728 ad
1060 663 1147 749 quod
1161 667 1371 732 constitutum

214 767 338 832 Marius
354 769 557 833 constantias
573 768 768 833 adhortatus
782 789 858 832 suos
876 765 967 851 (lug.
983 766 1065 848 94‚3
1087 773 1154 830 tum
1169 789 1244 831 vero
1260 767 1371 832 cohor-

212 876 298 934 tatus
319 868 452 955 milites)
475 871 588 935 acrias
608 872 734 934 instare
756 866 936 933 castellanis
963 867 1070 951 coepit
1091 867 1182 952 (Jug.
1204 870 1255 953 94,
1272 873 1307 937 6:
1331 891 1370 934 eo

212 970 320 1034 acrius
341 969 480 1034 Romani
507 971 657 1058 instare),
691 992 771 1056 quos
801 968 841 1033 ab
864 967 986 1033 imbelli
1006 967 1208 1035 multitudine
1237 992 1371 1035 suorum

212 1079 391 1153 revocatos,
423 1079 588 1157 tamquam
619 1069 661 1136 ab
695 1080 785 1157 tergo
818 1072 905 1156 capti
934 1078 1051 1152 essent,
1084 1071 1139 1155 (cf.
1168 1071 1245 1156 Jug.
1268 1073 1318 1156 94,
1334 1075 1370 1158 5)

212 1173 376 1236 insecutus
405 1171 572 1238 castellum
603 1175 719 1258 cepit“.
774 1172 865 1253 Quae
892 1172 1009 1255 verba,
1048 1173 1123 1258 quia
1151 1171 1217 1237 fere
1251 1176 1371 1256 omnia,

214 1275 363 1358 quamvis
378 1275 552 1340 Frontinus
575 1277 704 1360 saepius
727 1276 922 1340 contraxerit
936 1284 968 1340 et
980 1275 1162 1356 variaverit,
1183 1297 1201 1339 e
1217 1273 1370 1339 Sallustio

213 1377 376 1461 exscripta
407 1385 496 1458 sunt,
533 1376 670 1440 multum
710 1376 853 1442 conferre
887 1386 966 1463 puto
1006 1376 1048 1439 ad
1080 1376 1257 1441 sanandum
1288 1378 1370 1464 Jup.

213 1500 286 1562 cap.
302 1477 352 1560 93,
376 1478 463 1563 quod
483 1479 517 1541 in
537 1477 629 1541 libris
651 1480 767 1542 nostris
788 1478 1007 1563 compluribus
1028 1477 1107 1543 locis
1129 1477 1277 1544 mutilum
1299 1502 1372 1546 esse

212 1578 322 1641 multis
350 1579 477 1642 indiciis
505 1578 744 1664 comprobatur.
774 1576 936 1643 'Primum
963 1581 1154 1645 Frontinum
1181 1582 1261 1667 Jap.
1283 1578 1373 1663 93,'4

215 1679 339 1764 „Lipas
371 1682 409 1744 ia
440 1680 565 1745 castelli
580 1680 758 1765 planitiem
781 1684 953 1766 perceait“
975 1683 1008 1745 in
1030 1705 1089 1747 suo
1111 1680 1193 1747 libro
1215 1684 1370 1769 scriptum

213 1780 375 1845 invenisse
403 1781 607 1845 manifestum
636 1790 700 1845 est:
736 1782 884 1848 videlicet
913 1784 1056 1849 adhaec
1085 1782 1190 1849 verba
1207 1793 1238 1849 et
1259 1785 1300 1850 ad
1322 1807 1371 1862 ea,

215 1902 298 1966 quae
313 1882 365 1963 93,
380 1884 401 1946 2
422 1882 572 1967 leguntur
591 1889 732 1968 („prope
748 1886 794 1949 ad
807 1908 965 1951 sammua
980 1888 1097 1950 montis
1111 1909 1260 1972 epressas
1276 1891 1372 1970 est“),

214 1982 439 2066 respicientem
461 2006 535 2048 eum
555 1985 739 2069 scripsisse:
763 1988 828 2072 ,ad
849 2009 1008 2051 summam
1024 1993 1250 2070 pervenerat“.
1292 1988 1373 2053 Lec-

151 2144 152 2148 ,
215 2084 335 2148 tionem
364 2088 419 2168 „ia
450 2085 573 2151 castelli
596 2086 774 2170 planitiem
793 2091 960 2172 pervenit“
988 2089 1063 2172 lug.
1085 2090 1173 2172 93,4
1203 2092 1253 2174 (ut
1280 2090 1374 2154 Diet-

215 2185 323 2249 schius
345 2208 377 2271 p.
400 2187 463 2251 343
485 2196 517 2252 ct
538 2208 570 2271 p.
588 2189 628 2251 14
649 2188 830 2273 adnotavit)
852 2191 948 2274 pauci
970 2199 1094 2254 tantum
1117 2188 1243 2252 codices
1266 2191 1307 2273 (P
1322 2191 1370 2253 Ρ1

213 2287 262 2351 P²
284 2289 329 2351 Ρ3
353 2288 380 2350 Β
393 2299 436 2373 g²
459 2289 495 2373 h)
526 2287 694 2373 exhibent,
727 2301 759 2356 et
779 2291 814 2354 in
834 2290 884 2353 his
909 2288 1101 2354 vocabulum
1124 2290 1201 2370 „ia“
1224 2309 1245 2350 a
1265 2300 1371 2373 postc-

213 2389 296 2453 riore
325 2410 424 2452 manu
450 2390 634 2476 suppletum
663 2401 725 2475 est,
763 2392 907 2476 ,castelli
929 2389 1106 2474 planitiem
1125 2394 1296 2475 8888888181ί
1320 2392 1371 2456 Ρ4

215 2490 303 2576 (sap.
325 2491 375 2555 ael
393 2495 589 2576 perscripsit
604 2493 653 2556 ael
673 2494 897 2580 inoestipaoit)
919 2492 948 2555 F
970 2493 1131 2576 (pervenit
1151 2493 1193 2557 ab
1215 2491 1255 2558 al.
1270 2493 1328 2580 m.)
1344 2494 1370 2578 l;

216 2592 361 2674 „castell'
385 2594 481 2677 plan.
505 2598 701 2678 perscribit“
725 2593 1151 2680 Ms11M²Gp1p³p⁵
1180 2594 1236 2682 (ad
1262 2618 1327 2682 mg.
1350 2619 1372 2660 a

216 2715 268 2778 po.
291 2716 352 2758 ma.
377 2699 558 2780 percepset)
588 2707 772 2781 m1g1g³
802 2697 904 2781 (supr.
927 2699 965 2760 iu
986 2700 1103 2780 utente)
1131 2705 1172 2781 g⁴
1193 2707 1237 2782 g⁰
1259 2710 1311 2762 ss¹
1334 2708 1370 2762 s²

216 2813 331 2878 σμγ,
364 2796 479 2882 reliqui
510 2799 653 2879 „castelli
676 2797 773 2881 plau.
801 2797 950 2876 scribit“,
980 2799 1227 2882 „perscribere“,
1256 2821 1371 2884 „prae-

216 2898 346 2963 scribit“
362 2902 622 2984 „,perscripsit“,
640 2898 849 2984 ,perscribiffl
866 2902 952 2981 (sup.
964 2901 1152 2984 prospicit),
1169 2903 1371 2985 „inscribit“,

217 3000 419 3082 „describit“,
448 3003 655 3086 „perspicit“,
686 3001 834 3082 „scribit“
865 3003 950 3083 (sup.
967 3001 1156 3083 proscribit,
1184 3002 1372 3068 considerat

216 3103 253 3166 ia
281 3103 416 3186 auimo).
465 3102 504 3167 Id
532 3101 620 3189 quod
648 3099 837 3166 Dietschius
866 3101 994 3185 scripsit
1027 3104 1172 3184 „castelli
1194 3106 1371 3188 planitiem

212 3210 460 3286 perscrutatar“
482 3204 688 3270 falsissimum
709 3225 780 3268 esse
802 3201 977 3266 ostendunt
997 3204 1105 3286 verba,
1138 3227 1221 3291 quac
1242 3227 1371 3291 praece-

217 3303 297 3370 dunt
320 3307 429 3389 „cujus
450 3308 548 3370 ramis
571 3306 677 3389 modo,
700 3303 795 3368 modo
816 3304 1029 3370 eminentibus
1050 3307 1138 3371 saxis
1159 3309 1280 3391 nisus“,
1303 3309 1372 3393 qui-

217 3405 353 3471 buscum
376 3413 631 3492 ,perscrutatur“
648 3406 801 3491 conjungi
814 3427 879 3470 non
900 3415 1015 3491 potest,
1038 3409 1100 3472 nisi
1120 3409 1202 3474 forte
1216 3409 1371 3494 Ligurem

215 3530 281 3572 non
302 3511 336 3573 in
357 3511 462 3595 ipsam
476 3507 643 3594 planitiem
657 3506 779 3574 castelli
800 3509 925 3573 venisse
941 3509 1116 3575 existimas.
1150 3509 1200 3579 Of.
1215 3532 1263 3592 ea,
1287 3533 1371 3597 quae

217 3610 316 3673 Fabri
337 3610 380 3674 ad
401 3611 485 3677 hunc
506 3610 614 3675 locum
635 3611 809 3675 adnotavit.
824 3650 866 3659 —
882 3609 947 3675 Sed
969 3610 1090 3694 dubita,
1112 3633 1189 3675 num
1205 3614 1371 3696 sententia,

218 3733 300 3798 quae
332 3714 490 3799 sequitur:
527 3713 634 3799 „quod
666 3713 772 3779 cuncti
803 3713 961 3779 Numidae
994 3713 1107 3778 intenti
1138 3712 1371 3798 proeliantibus

216 3814 349 3880 aderant
377 3817 433 3904 (=
453 3816 567 3880 intenti
597 3814 754 3901 proelium
783 3814 1046 3902 prospectabant,
1075 3813 1152 3900 Jug.
1175 3816 1225 3898 60,
1245 3816 1300 3901 3)“
1327 3816 1370 3880 ad

217 3915 315 3982 verba
337 3918 391 4000 „in
412 3915 534 3982 castelli
555 3916 721 4003 planitiem
739 3919 905 4003 pervenit“
928 3916 1040 3982 referri
1061 3918 1176 4002 possit:
1204 3939 1286 4003 quae
1307 3917 1370 3982 tale

217 4019 296 4106 quid
312 4019 488 4087 desiderat:
512 4021 564 4107 „in
578 4019 700 4087 castelli
715 4020 881 4110 planitiem
896 4019 1043 4109 pervenit
1056 4017 1144 4084 nullo
1159 4018 1368 4109 prohibente“
