2926 4492
656 67 804 165 *771—

149 267 268 333 matioo
290 267 454 352 debeatur,
483 271 538 355 qui
565 271 694 356 saepius
720 269 809 356 apud
831 267 1018 335 Sallustium
1045 270 1088 341 ad
1112 269 1209 356 plura
1231 270 1305 335 sub·

147 370 289 434 stantiva
310 368 465 435 feminina
485 379 633 435 neutrum
650 370 773 458 plurale
789 371 968 456 praedicati
981 370 1116 435 relatum
1132 394 1200 436 esse
1215 373 1306 456 igno-

149 472 267 536 raverit
289 472 345 557 (of.
365 472 442 556 Jug.
466 473 564 556 38,8;
585 475 684 557 52,4;
707 474 804 556 68,1;
835 473 932 537 etiam
954 474 1152 558 pronominis
1174 474 1304 538 demon-

149 575 274 638 strativi
303 581 335 637 et
361 573 487 640 relativi
514 584 661 639 neutrum
689 574 732 639 ad
759 573 926 660 complura
953 572 1154 640 substantiva
1180 577 1307 659 generis

136 674 294 739 ¹feminini
314 675 426 740 referri
447 698 467 740 a
489 676 640 743 Sallustio
663 685 803 759 constat3
825 676 867 740 cf.
889 676 988 740 Fabri
1009 677 1052 740 ad
1073 667 1151 744 Oatj
1166 679 1194 760 5,
1208 677 1253 764 7).
1266 684 1306 726 '-

148 772 498 862 Huio'adjungendum
520 800 592 844 esse
613 788 692 864 puto
714 777 848 843 alterum
870 776 960 842 illurn
980 778 1095 860 locum,
1123 799 1307 865 quanquam

149 877 298 943 Servium
326 879 499 945 verborum
531 879 677 944 ordinem
711 880 826 967 „looye
854 881 923 944 olio
949 882 1051 944 milit
1078 882 1112 944 in
1138 904 1196 946 suo
1223 881 1307 947 libro

149 981 310 1045 invenisse
331 1001 370 1044 ac
392 1004 457 1047 non
477 981 651 1048 verborum
681 983 791 1047 ordine
817 983 920 1067 magis
943 981 1103 1048 cotidiano
1125 985 1309 1050 memoriter

148 1082 299 1147 citantem
327 1105 421 1148 usum
449 1106 528 1167 esse,
556 1093 682 1149 tantum
710 1083 806 1148 modo
833 1080 1005 1170 conjicere,
1034 1105 1099 1148 non
1126 1086 1307 1149 necessarie

149 1182 367 1249 demonstrare
400 1207 582 1270 possumus.
625 1186 745 1250 Veram
778 1208 848 1250 esse
879 1184 1050 1250 lectionem
1080 1187 1195 1272 „loope
1227 1187 1309 1251 mibi

151 1285 242 1350 olio“
265 1307 400 1373 eamque
422 1286 631 1373 depravatam
660 1309 731 1352 esse
753 1288 788 1351 in
811 1289 924 1374 „lotape
948 1288 1017 1351 olio
1038 1288 1139 1351 mito
1162 1307 1182 1350 a
1203 1309 1307 1371 gram-

150 1387 268 1451 matico
290 1388 372 1453 male
394 1389 577 1475 corrigenti,
599 1390 655 1476 qui
678 1389 868 1454 adverbium
890 1389 931 1453 ab
953 1387 1113 1474 adjectivo
1132 1387 1240 1453 divelli
1262 1390 1308 1453 in-

151 1488 349 1573 dignaretur,
369 1512 428 1575 pro
444 1498 530 1555 certo
544 1489 728 1558 habendum
745 1501 803 1556 est.
847 1491 929 1555 Nam
945 1491 1096 1576 primum,
1119 1487 1308 1554 Sallustium

150 1610 328 1675 pronomen
354 1591 522 1677 personale
549 1591 692 1658 secundo
719 1592 790 1657 loco
813 1593 988 1658 sententiae
1016 1593 1157 1656 inserere
1178 1590 1308 1656 solitum

151 1714 231 1775 esse,
252 1693 415 1758 Jordanus
438 1695 563 1779 (Herm.
586 1695 602 1758 I
623 1716 656 1780 p.
679 1695 757 1780 235)
778 1695 890 1760 docuit
913 1696 967 1781 (of.
991 1692 1098 1759 Dieck
1119 1716 1151 1779 p.
1174 1693 1225 1776 39,
1240 1695 1308 1780 40).

150 1793 278 1859 Deinde
294 1795 372 1859 ordo
386 1794 559 1860 verborum
582 1796 696 1882 ,loape
712 1795 781 1860 olio
795 1798 896 1861 aiam
918 1798 1024 1881 aptior
1046 1805 1139 1878 esset,
1162 1796 1189 1859 si
1205 1795 1308 1879 ,alia“

149 1894 192 1960 ad
208 1894 356 1960 Caesaris
375 1898 562 1978 orationem,
586 1918 667 1981 quae
682 1898 853 1979 antecedit,
874 1899 1056 1982 respiceret,
1079 1899 1106 1961 si
1122 1896 1202 1963 Oato
1217 1897 1309 1962 aliter

151 2020 186 2062 se
202 2007 299 2083 atque
316 1996 487 2063 Caesarem
510 1997 626 2062 sentire
641 1996 775 2080 diceret3
798 1999 853 2062 sed
876 2019 949 2061 cum
973 1999 1075 2082 „alia“
1098 2001 1140 2064 ad
1156 2021 1204 2082 ea,
1227 2021 1309 2086 quae

151 2107 337 2184 sequuntur,
358 2100 527 2184 pertineat,
550 2120 624 2163 cum
646 2097 726 2163 Oato
749 2097 845 2181 dieat,
866 2109 1004 2165 mentem
1028 2101 1089 2165 sibi
1110 2102 1144 2163 in
1166 2100 1309 2166 diversas

151 2201 363 2285 cogitationes
385 2201 532 2265 distrahi:
562 2201 653 2265 aliter
675 2224 709 2266 se
730 2202 858 2282 sentire,
881 2223 955 2265 cum
977 2224 1027 2265 res
1049 2211 1144 2286 atque
1166 2202 1309 2286 pericula

152 2303 341 2386 consideret,
363 2303 463 2381 aliter,
496 2325 570 2367 cum
603 2305 776 2369 sententias
798 2303 1023 2368 nonnullorum
1045 2324 1155 2368 secum
1184 2311 1309 2387 reputet

153 2406 207 2492 (of.
223 2405 361 2489 Jacobs3
382 2403 504 2471 Anhalt
518 2428 549 2490 p.
565 2407 630 2492 15),
651 2405 753 2489 „alia“
777 2410 882 2490 aptius
897 2408 971 2471 voci
987 2411 1118 2489 „mens“
1134 2404 1308 2470 adhaerere

152 2508 355 2572 manifestum
377 2515 434 2571 est.
478 2508 648 2571 Praeterea
670 2527 765 2593 saepe
781 2508 866 2592 apud
883 2507 1077 2589 Sallustium,
1099 2529 1181 2593 quae
1196 2506 1308 2571 cohae-

151 2617 232 2689 rent,
254 2606 426 2673 verborum
448 2609 559 2672 ordine
581 2607 788 2690 divelluntur;
811 2609 1077 2695 of.Jug.107,1:
1101 2620 1223 2693 quanto
1246 2609 1309 2674 sibi

151 2711 185 2773 in
206 2709 329 2796 proelio
350 2713 459 2776 rainae
480 2712 716 2796 pepercissent,
739 2712 861 2792 31,14:
885 2733 981 2796 quam
1003 2713 1138 2797 quisque
1160 2734 1308 2795 pessume

151 2813 239 2896 fecit,
262 2813 312 2894 22,
328 2814 364 2877 2:
388 2834 523 2897 quorum
538 2811 699 2897 Jugurtha
719 2821 851 2896 accepta
872 2813 1014 2876 oratione
1035 2813 1213 2898 respondit,
1237 2812 1308 2879 Cat.

152 2915 203 2997 37,
217 2916 253 2979 9:
277 2935 413 3000 quorum
435 2915 570 2980 victoria
593 2913 700 2979 Sullae
722 2925 870 2999 parentes
891 2917 1077 3001 proscripti;
1100 2917 1150 2998 53,
1166 2918 1201 2980 2:
1225 2938 1308 3002 quae

151 3040 227 3104 pop.
250 3019 342 3082 Rom.
373 3016 458 3103 domi
482 3016 686 3102 militiaeque,
710 3017 791 3081 mari
813 3026 909 3103 atque
938 3026 1022 3082 terra
1047 3017 1211 3103 praeclara
1232 3018 1309 3082 faci-

152 3141 231 3184 nora
252 3119 337 3185 fecit.
1155 3117 1157 3120 ’

237 3219 416 3302 Glossema,
439 3220 527 3308 quod
547 3244 612 3287 non
633 3232 682 3287 est
702 3225 736 3287 in
758 3222 925 3303 Vaticano,
954 3224 987 3284 in
1009 3242 1057 3302 eo,
1088 3242 1151 3305 quo
1174 3221 1307 3287 Servius

151 3344 227 3386 urus
250 3323 301 3404 sit,
323 3323 501 3409 exemplari
528 3325 695 3408 irrepsisse
724 3332 802 3409 puto
832 3325 865 3386 in
894 3325 984 3388 initio
1013 3322 1164 3387 orationis
1193 3322 1307 3387 Cottae

152 3428 256 3508 (Hist.
279 3426 324 3506 ΙΙ,
346 3427 405 3506 41)
427 3431 456 3507 ξ.
474 3427 508 3506 2,
531 3425 588 3489 ubi
610 3425 683 3490 Vat.
705 3427 786 3490 haec
808 3424 918 3489 habet:
942 3425 1131 3507 „Praeterea
1153 3435 1307 3507 senectus,

151 3548 266 3612 perse
287 3529 405 3612 gravis,
427 3547 538 3590 curam
560 3525 712 3611 duplicat,
741 3529 794 3590 cui
815 3528 931 3591 misero
955 3537 1029 3590 octa
1044 3529 1120 3612 jora
1143 3536 1246 3591 aetate
1267 3549 1307 3590 ne

151 3639 287 3694 mortem
319 3629 449 3715 quidem
481 3629 645 3692 honestam
679 3651 807 3714 sperare
839 3627 945 3693 licet“.
998 3627 1072 3691 Huc
1103 3627 1305 3692 referendum

151 3730 279 3796 videtur
299 3730 513 3796 testimonium
538 3729 642 3796 Servii
665 3733 709 3795 od
731 3733 811 3795 Aea.
828 3732 885 3811 XI,
906 3731 979 3811 1653
1002 3731 1195 3812 „Serreotoe,·
1218 3729 1308 3794 deest

153 3835 256 3898 aetati
263 3857 273 3896 :
302 3854 377 3896 nam
404 3843 532 3899 senecta
560 3841 647 3896 aetas
674 3833 799 3896 dicitur.
845 3831 1031 3897 Sallustius:
1063 3842 1209 3915 „senecta
1231 3834 1306 3917 jora

154 3940 288 4016 oetote“,
310 3957 368 4019 per
390 3959 423 4000 so
445 3945 551 3999 autem
574 3934 705 4019 plenum
722 3945 779 4018 est,
803 3935 830 3998 si
852 3945 996 4000 senectus
1019 3933 1195 4000 dicamus“.
1239 3931 1305 3996 Sed

153 4047 275 4105 tantum
304 4037 408 4115 abest,
444 4047 479 4102 ut
506 4059 579 4102 cum
608 4037 763 4102 Carrione
794 4041 963 4120 „scnoctat‘
994 4058 1102 4102 veram
1135 4035 1305 4100 lectionem
