2926 4492
707 49 856 149 *ee*

209 253 353 338 sequitur
381 259 413 317 et
441 251 513 338 ipsa
540 249 698 335 generalis
731 259 779 323 est
808 251 894 336 (Cat.
920 253 948 333 1,
964 251 998 333 7,
1031 252 1115 332 2,6,
1147 249 1282 336 51,13),
1312 258 1369 315 551

210 355 243 440 5)
266 354 309 436 id,
330 352 417 440 quod
439 353 559 435 exeis,
582 373 664 438 quae
679 352 720 417 de
742 372 806 416 una
819 374 854 416 re
869 351 955 416 dicta
976 360 1064 434 sunt,
1086 352 1291 438 consequitur
1313 351 1369 417 vel

212 456 359 539 efficitur,
372 456 428 520 sed
441 454 662 520 tantummodo
676 454 826 519 adunam
838 453 927 520 illam
937 475 1003 518 rem
1016 454 1156 540 pertinet
1170 453 1257 537 (Cat.
1267 453 1320 536 28,
1332 455 1368 537 3,

210 559 311 640 38,1;
334 556 384 640 51,
400 559 458 641 31,
481 558 532 638 51,
548 555 604 639 34,
626 558 677 639 54,
693 558 726 639 6,
755 557 807 639 55,
823 558 859 640 6,
886 557 937 639 61,
952 557 989 639 9,
1017 553 1094 641 Jug.
1116 555 1168 638 25,
1184 556 1219 638 3,
1242 556 1293 638 31,
1312 557 1369 638 14,

210 660 312 742 36,2,
339 661 443 742 41,4,
472 659 507 742 5,
538 659 574 741 9,
601 659 653 739 44,
670 658 704 741 2,
732 659 836 742 45,3,
867 659 917 741 55,
932 660 967 740 4,
1000 659 1104 742 59,3,
1133 657 1184 740 63,
1199 659 1233 740 3,
1266 659 1317 741 64,
1332 659 1368 740 5,

210 763 308 844 67,2,
330 762 428 843 69,3,
452 760 549 843 73,7,
573 761 669 843 74,1,
692 761 790 845 78,3,
813 760 908 845 79,9,
930 761 1028 844 80,7,
1050 761 1169 842 85,11,
1191 760 1248 842 43,
1269 759 1368 841 98,5,

213 865 283 944 101,
299 865 336 946 3,
359 885 403 930 or.
420 860 502 930 Phil.
519 863 574 944 18,
597 883 642 926 or.
658 861 703 927 M.
718 863 775 945 27,
798 885 845 928 or.
863 862 1022 945 0511557,
1044 860 1196 926 nonnulla
1218 859 1369 946 exempla

127 1010 129 1015 -
209 988 228 1030 a
254 987 306 1030 me
340 965 462 1030 inserta
493 971 581 1046 sunt,
620 984 701 1049 quos
730 963 978 1050 Ungermannus
1013 964 1132 1047 551511,
1164 962 1314 1049 adjunxit
1339 963 1368 1027 is

56 1080 62 1096 '
147 1120 149 1125 .
211 1074 362 1152 quattuor
382 1065 478 1148 locos,
501 1064 618 1152 quibus
642 1065 725 1148 ,ita“
748 1085 821 1129 cum
849 1065 1020 1151 participio
1047 1063 1307 1150 conjungendum
1328 1086 1368 1128 ac

210 1167 277 1232 fere
310 1166 397 1232 idem
424 1175 474 1232 est
506 1167 592 1254 quod
625 1166 706 1252 „hoc
734 1167 869 1232 mod0“:
900 1168 976 1252 Jug.
998 1168 1099 1250 28,3,
1132 1167 1233 1248 34,2,
1265 1165 1369 1248 6116,

212 1270 283 1352 111,
297 1271 332 1352 4,
355 1270 395 1334 51.
412 1268 483 1335 (151.
498 1269 595 1352 45,1;
617 1269 695 1354 Jug.
717 1271 768 1354 56,
784 1271 820 1353 3,
844 1270 893 1348 79,
910 1269 944 1352 6,
966 1268 1016 1352 97,
1032 1270 1069 1347 5,
1091 1267 1143 1350 53,
1159 1269 1204 1354 3).
1245 1266 1298 1331 Ab
1315 1267 1367 1331 his

211 1371 330 1437 diversi
358 1379 433 1437 sunt
461 1371 497 1436 ei·
520 1371 593 1453 loci,
624 1371 742 1457 quibus
771 1393 830 1457 per
861 1371 943 1455 „ita“
967 1369 1045 1436 talia
1064 1369 1251 1451 inferuntur,
1284 1389 1369 1454 quae

212 1472 341 1539 valeant
361 1474 402 1538 ad
424 1472 646 1539 illustrandam
675 1474 863 1539 sententiam
886 1471 1139 1539 antecedentem:
1173 1471 1245 1537 cat.
1268 1469 1318 1553 15,
1333 1470 1368 1548 4,

211 1577 262 1656 61,
277 1577 310 1660 6,
339 1576 415 1661 Jug.
436 1576 487 1658 99,
503 1577 540 1658 3,
572 1574 660 1640 haud
686 1586 772 1640 recte
800 1575 841 1641 U.
862 1575 939 1661 lug.
961 1575 1049 1657 55,4
1076 1573 1139 1638 hue
1161 1573 1267 1654 refert,
1290 1573 1369 1637 item

211 1677 288 1761 Jug.
311 1677 414 1760 81,3;
448 1677 536 1758 88,4
559 1677 619 1762 (115
638 1707 681 1733 --
702 1677 731 1742 51
751 1676 786 1741 id
814 1677 935 1764 115551),
968 1675 1008 1744 cf.
1029 1676 1107 1760 Jug.
1129 1676 1216 1758 22,5
1245 1676 1305 1762 (115
1325 1705 1369 1731 =

211 1779 272 1842 hoc
293 1799 448 1864 responso
475 1777 581 1865 dato);
610 1779 661 1862 50,
677 1780 713 1861 6,
742 1779 792 1861 62,
808 1779 844 1852 5,
872 1799 923 1863 ep.
946 1778 1055 1843 Mithr.
1079 1779 1119 1842 14
1141 1778 1200 1864 (115
1221 1809 1263 1834 --
1284 1797 1368 1863 quae

212 1902 287 1944 eum
307 1881 353 1944 ita
374 1881 504 1968 essent),
538 1881 655 1966 quibus
686 1879 766 1945 locis
789 1879 959 1945 Sallustius
991 1901 1055 1944 555
1082 1879 1181 1946 verbo
1213 1879 1293 1964 ,ita“
1318 1899 1368 1961 55,

211 2003 294 2066 quae
308 1990 383 2046 ante
397 1981 489 2064 dixit,
504 1981 742 2069 complectitur,
764 1983 922 2048 sententia
935 1981 1094 2069 particula
1108 1983 1192 2065 „ita“
1209 1980 1368 2066 incipiens

212 2104 259 2165 55,
283 2105 365 2169 quae
387 2084 590 2168 antecedunt,
620 2083 743 2170 colligit
763 2084 839 2170 Jug.
862 2085 913 2169 65,
928 2085 963 2168 5,
997 2085 1047 2167 72,
1062 2084 1092 2154 2,
1136 2123 1178 2133 -
1219 2085 1367 2168 Apparet

211 2187 309 2271 igitur
333 2208 399 2251 non
428 2185 530 2250 solum
552 2208 594 2252 ex
623 2187 824 2272 oppositione
855 2187 918 2270 ,At
944 2186 1072 2271 populo
1095 2187 1244 2250 Romano
1274 2207 1367 2248 num-

210 2309 307 2373 quam
329 2309 367 2353 ea
388 2289 483 2372 copia
503 2287 583 2352 fuir‘
609 2290 654 2371 (ἕ.
677 2288 723 2371 5),
746 2288 921 2354 sedetiam
944 2310 961 2352 e
985 2285 1130 2352 Sallustii
1152 2285 1279 2350 dicendi
1302 2308 1366 2350 usu

210 2388 309 2455 verba
331 2390 397 2464 „ita
419 2410 540 2471 eorum,
563 2389 618 2474 qui
638 2388 743 2454 fecere
765 2428 807 2439 -
828 2389 993 2476 praeclara
1014 2389 1163 2474 ingenia“
1188 2387 1275 2452 dicta
1296 2411 1366 2454 esse

210 2490 251 2555 de
265 2489 523 2556 Atheniensibus.
564 2491 715 2556 Fortasse
734 2491 854 2557 dixerit
876 2493 1046 2578 quispiam,
1068 2491 1150 2556 hanc
1171 2512 1242 2556 esse
1263 2499 1367 2555 15515-

210 2591 339 2677 logiam.
382 2592 415 2655 Is
429 2593 569 2678 primum
585 2593 773 2676 consideret,
797 2595 988 2678 ,virtutem“
1004 2615 1069 2658 non
1083 2594 1168 2658 idem
1184 2615 1254 2659 esse
1269 2601 1366 2678 atque

211 2694 334 2768 „facta“
369 2693 424 2779 (cf.
445 2694 600 2779 Ungerm.
627 2718 659 2780 p.
681 2697 727 2780 6),
755 2694 885 2760 adhoc
912 2697 947 2759 in
975 2697 1031 2779 eis,
1064 2716 1145 2781 quae
1172 2695 1367 2760 antecedunt

210 2797 305 2881 („per
325 2803 482 2859 terrarum
512 2797 623 2861 orbem
636 2794 888 2887 Atheniensium
916 2797 1000 2862 facta
1020 2819 1079 2882 pro
1102 2798 1263 2862 maxumis
1285 2795 1366 2862 cele·

153 2938 156 2943 -
209 2895 390 2983 brantur“),
412 2894 546 2980 gloriam
561 2898 805 2964 Atheniensium
824 2906 857 2964 et
871 2906 1049 2963 ceterorum
1071 2899 1264 2983 populorum
1279 2920 1366 2963 com·
1402 2982 1408 2992 ι

209 2999 326 3084 parari,
347 3019 433 3061 5555
446 3000 603 3084 perpendi
616 3000 767 3072 virtutem
782 3009 950 3065 auctorum
963 3021 1071 3065 rerum
1086 3009 1118 3067 et
1138 3001 1252 3064 merita
1266 3003 1368 3086 scrip-

211 3110 318 3165 torum
329 3103 367 3189 ι).
408 3100 536 3165 Deinde
558 3100 695 3165 conferri
716 3110 843 3187 oportet
862 3102 884 3167 J
887 3125 939 3188 ug.
955 3105 1005 3185 63,
1018 3105 1054 3184 3,
1077 3102 1128 3186 45,
1143 3103 1180 3185 3,
1203 3101 1272 3168 cat.
1284 3105 1314 3186 6,
1326 3104 1363 3186 2,

209 3203 283 3287 Jug.
299 3204 351 3285 31,
366 3204 418 3287 14,
440 3204 492 3286 55,
504 3205 538 3286 4,
560 3204 674 3287 85,11,
698 3203 815 3288 quibus
836 3204 915 3269 15515
929 3226 989 3289 per
1011 3205 1094 3281 ‚‚ita“
1117 3226 1182 3269 non
1197 3213 1263 3268 tam
1277 3226 1364 3271 nova

209 3307 366 3371 sententia
385 3305 518 3369 infertur
540 3325 636 3390 quam
658 3326 707 3387 ea,
729 3326 812 3390 quae
833 3306 1002 3389 antecedit,
1023 3307 1247 3393 amplificatur.

294 3408 401 3491 Supra
415 3407 486 3491 jam
508 3414 776 3471 commemoratus
798 3415 847 3473 est
867 3407 957 3473 locus
978 3411 1070 3493 epist.
1089 3409 1231 3489 137,14:
1255 3407 1363 3495 ,Quid

210 3530 287 3593 ergo
307 3509 364 3573 fiat
383 3507 576 3589 hominibus,
598 3509 654 3594 qui
675 3510 809 3574 minima
830 3519 1045 3596 contemnunt,
1068 3512 1189 3597 majora
1210 3530 1275 3574 non
1297 3531 1365 3576 ore-

209 3608 312 3674 65517
354 3608 492 3674 Reddita
518 3610 587 3673 vita
615 3610 773 3676 defunctis
805 3612 878 3677 ideo
910 3635 975 3677 555
1008 3611 1157 3694 creditur,
1191 3615 1271 3697 quia
1301 3613 1365 3679 atii

200 3710 356 3796 fecerunt
378 3719 411 3776 et
437 3732 552 3796 parum
582 3720 630 3776 est
652 3712 721 3778 dee.
766 3712 849 3779 Caro
879 3718 1011 3802 propria
1038 3714 1078 3780 de
1107 3715 1233 3800 virgine
1254 3723 1364 3780 creata

284 3929 307 3992 Ι)
326 3928 370 3978 Ι)5
390 3931 558 3981 contentione
578 3934 696 3984 auctoris
715 3950 800 3986 rerum
821 3941 848 3986 et
866 3937 1002 4003 scriptoris
1021 3935 1056 3986 cf.
1072 3937 1095 3997 ξ.
1110 3936 1141 4000 5,
1167 3935 1224 3986 Cat.
1240 3937 1265 4000 3,
1281 3934 1361 3985 1-2,

210 4019 320 4071 Eisdem
339 4020 406 4073 locis
426 4021 506 4073 etiam
526 4023 635 4075 verbum
656 4026 777 4088 „facere“
799 4027 921 4081 absolute
939 4027 1071 4094 prolatum
1090 4028 1231 4078 invenitur.
