2926 4492
652 63 801 158 „Q

152 264 340 350 „Tigranis“
364 263 530 348 conjunxit
552 283 626 325 cum
650 260 871 344 ‚,consilium“‚
893 260 994 324 verba
1016 282 1093 346 „per
1111 269 1221 326 nostra
1236 283 1307 327 cor-

96 379 98 382 ’
150 372 250 452 pora“
273 366 312 430 de
336 363 402 429 solo
425 364 609 430 Mithridate
630 365 765 450 ejusque
787 360 944 427 militibus
965 363 1104 448 accepit:
1122 363 1216 449 ‘quod
1240 384 1309 427 om·-

150 471 226 534 nino
248 469 318 533 fieri
339 470 460 553 nequit,
482 468 558 552 quia
573 466 613 530 de
628 466 791 530 communi
805 465 955 550 Tigranis
977 475 1009 530 et
1023 464 1217 529 Mithridatis
1233 487 1308 530 con·⁴

150 572 221 636 silio
245 569 451 656 cogitandum
479 579 527 632 est
549 567 603 652 (of.
627 572 656 649 ἕ.
678 568 713 650 4;
743 566 794 630 16:
822 587 841 629 a
868 567 961 633 nobis
983 565 1030 648 ad
1056 567 1242 631 societatem
1265 607 1309 616 -

149 675 281 760 peteris3
307 692 430 758 -quo
459 692 563 756 neque
589 669 717 734 vincere
744 690 848 754 neque
870 669 957 732 vinci
984 670 1052 734 sine
1079 677 1134 733 tuo
1161 667 1307 754 periculo

105 827 107 830 <
149 797 335 861 possumus3
364 775 420 856 215
450 774 507 855 223
540 773 599 854 233
632 770 823 855 pronomina
851 792 944 853 „nos,
974 775 1100 835 noster“
1123 770 1243 857 ubique
1266 772 1308 836 de

149 877 308 942 ambobus
335 875 466 960 regibus
496 872 582 938 dicta
608 873 707 956 sunt).
751 871 973 958 Confugerunt
999 874 1098 960 igitur
1119 875 1218 938 ceteri
1240 874 1308 939 edi-

150 991 235 1044 tores
257 979 299 1043 ad
314 976 454 1042 Charisii
469 975 695 1056 testimonium,
718 975 773 1060 qui
790 998 827 1060 p.
845 976 905 1040 196
927 985 1059 1061 propter
1081 981 1264 1058 „ceterum“
1279 978 1306 1061 ¹)

149 1081 249 1145 verba
279 1079 365 1163 „scio
389 1076 538 1163 equidem
562 1074 739 1141 —bellum
763 1076 940 1141 conficere“
970 1078 1076 1160 affert,
1108 1086 1181 1164 post
1206 1078 1308 1161 „meis

150 1180 325 1245 militibus“
347 1180 448 1245 verba
478 1178 573 1262 „balli
595 1178 826 1264 prudentibus“
849 1177 961 1261 habet,
992 1180 1090 1245 verba
1120 1201 1238 1266 „parvo
1261 1179 1308 1244 la-

150 1287 248 1350 bore“
270 1305 335 1346 non
357 1281 497 1347 exhibet.
538 1281 695 1363 Kritzius,
718 1279 894 1363 Jordanus,
917 1281 971 1345 alii
992 1282 1098 1347 verba>
1116 1280 1209 1366 „belli
1230 1305 1308 1368 pru-

151 1386 320 1452 dentibus“
342 1386 376 1448 in
391 1392 515 1449 textum
536 1394 735 1468 receperunt,
758 1384 859 1449 verba
880 1405 1002 1468 „parvo
1016 1382 1147 1449 labore“
1169 1385 1308 1450 retinue·
1378 1459 1381 1462 p

149 1496 233 1552 runt.
276 1487 420 1551 Kritzius
448 1486 625 1570 genitivum
648 1485 840 1568 „Tigranis“
863 1485 1031 1570 conjunxit
1058 1507 1130 1551 cum
1153 1491 1307 1571 „regno“,

150 1591 250 1655 verba
272 1588 461 1671 „consilium
492 1592 559 1651 est“
589 1586 816 1673 interpretatur
844 1585 924 1669 „tibi
946 1588 1097 1653 consulo“
1127 1597 1159 1652 et
1187 1589 1220 1650 in
1250 1589 1310 1670 eis,

151 1714 233 1778 quae
260 1699 445 1777 sequuntur,
476 1689 619 1774 quinque
641 1709 754 1752 causas
780 1689 887 1753 afferri
909 1688 1001 1772 dicit,
1029 1690 1146 1776 quibus
1168 1691 1308 1754 Arsaces

153 1794 305 1858 continuo
337 1791 379 1856 ad
410 1788 669 1874 amplectendum
697 1789 893 1856 Mithridatis
923 1791 1093 1855 consilium
1123 1792 1307 1877 permoveri

150 1895 275 1960 debeata
313 1892 377 1957 Sed
392 1892 491 1958 verba
513 1891 702 1974 „consilium
719 1898 787 1958 est“
810 1902 896 1958 certe
918 1894 1005 1978 apud
1021 1893 1208 1960 Sallustium
1230 1916 1308 1958 nus·

48 1989 50 1993 ⁸
152 2019 248 2083 quam
275 1993 361 2060 illam
391 1994 658 2080 significationem
685 1993 820 2078 habent3
849 1995 890 2060 ad
917 1995 978 2060 hoc
1004 1997 1037 2059 in
1063 2004 1131 2062 tota
1157 1997 1307 2061 enuncia-

45 2139 47 2144 ν
150 2097 450 2180 tione1‚,consilium
472 2105 521 2161 est
545 2136 581 2145 —-
606 2096 784 2160 conficere“
811 2099 972 2168 sententia,
995 2096 1147 2180 „consulo
1168 2099 1241 2181 tibi,
1270 2108 1308 2164 ut

150 2203 299 2266 societate
321 2201 489 2265 nobiscum
509 2201 596 2263 inita
624 2198 751 2271 bellum,
767 2199 939 2263 conficias“
963 2201 1091 2264 omnino
1113 2223 1178 2264 non
1199 2208 1309 2286 potest

149 2304 269 2387 inesse3
299 2300 440 2382 accedit,
471 2299 572 2385 quod,
600 2301 628 2361 si
649 2300 694 2363 ita
715 2301 947 2386 interpretaris,
975 2301 1074 2366 verba
1096 2323 1180 2387 „quo
1201 2324 1307 2387 neque

150 2408 280 2470 vincere
301 2424 405 2489 neque
420 2401 508 2466 vinci
529 2401 598 2465 sine
612 2409 667 2465 tuo
688 2401 831 2486 periculo
852 2408 1055 2488 possumus“‚
1080 2404 1201 2489 quippe
1223 2426 1309 2489 quae

109 2562 111 2566 ,
151 2507 192 2571 ad
220 2515 370 2590 negatam
400 2505 585 2568 societatem
615 2514 775 2589 spectent,
807 2503 893 2583 haud
927 2515 1002 2592 apte
1033 2505 1145 2570 fluunt.
1192 2506 1308 2592 Itaque

150 2617 235 2672 recte
253 2606 415 2693 judicavit
430 2606 614 2671 Dietsohius
631 2592 842 2692 (conferenda
863 2615 935 2671 sunt
957 2630 1005 2690 ea,
1028 2629 1110 2693 quae
1127 2608 1171 2690 II,
1187 2631 1219 2692 p.
1234 2609 1310 2690 114,

152 2709 192 2772 de
214 2709 275 2772 hoc
296 2706 367 2772 loco
388 2706 594 2794 disputavit):
623 2729 687 2772 non
709 2709 813 2774 solum
834 2711 934 2774 verba
956 2707 1052 2791 „belli
1072 2710 1307 2795 prudentibus“

151 2811 262 2896 recipi,
285 2809 459 2874 sedetiam
484 2831 604 2895 „parvo
622 2808 752 2875 laborer
775 2809 874 2874 deleri
896 2820 1052 2895 oportere,
1075 2821 1177 2877 totum
1198 2809 1307 2877 locum

150 2912 383 2978 restituendum
406 2933 476 2976 esse
502 2913 547 2977 ita
567 2922 603 2977 ut
623 2910 739 2996 legitur
760 2912 846 2997 apud
869 2910 1064 2978 Charisium:
1095 2935 1190 2999 quem
1213 2918 1308 2979 accu-

151 3023 219 3079 rate
235 3015 274 3079 de
290 3015 410 3099 scripto
425 3013 511 3078 hunc
521 3013 627 3079 locum
643 3014 758 3078 citasse
770 3014 953 3078 confirmari
967 3022 1073 3100 potest
1087 3037 1159 3078 cum
1173 3025 1309 3103 propter

152 3128 328 3184 ceterorum
343 3118 597 3184 testimoniorum
612 3114 767 3196 habitum,
790 3123 858 3179 tum
874 3118 950 3202 quia
972 3118 1025 3181 hic
1046 3118 1116 3203 ipse
1135 3117 1225 3182 locus
1239 3127 1307 3183 tam

151 3219 253 3287 multa
275 3218 373 3286 verba
395 3217 627 3304 complectitur.
660 3217 712 3280 De
733 3215 840 3281 verbis
857 3218 1027 3303 „Tigranis
1048 3241 1147 3305 regno
1169 3221 1306 3305 integro,

152 3327 232 3388 meis
259 3321 414 3387 militibus
442 3318 519 3384 belli
545 3317 777 3404 prudentibus“
802 3319 843 3383 cf.
866 3325 895 3402 ξ.
911 3321 948 3403 33
966 3321 997 3403 4,
1026 3319 1083 3384 ubi
1104 3321 1307 3389 Mithridates

152 3423 373 3490 tantummodo
390 3445 475 3503 suas,
490 3443 555 3485 non
569 3421 730 3505 Tigranis,
752 3444 803 3487 res
818 3443 932 3507 parum
948 3444 1129 3509 prosperas,
1148 3427 1307 3510 seipsum

153 3527 332 3592 calamitate
361 3525 500 3610 peritum
528 3524 649 3588 factum
671 3523 756 3587 dicit.
794 3523 903 3590 Verba
933 3546 1054 3609 „parvo
1075 3525 1206 3592 labore“
1230 3527 1308 3592 ferri

153 3650 216 3692 non
240 3649 335 3715 posse
363 3623 550 3708 intelligitur
572 3628 667 3691 etiam
691 3648 733 3688 ex
756 3627 913 3691 sententia
941 3649 1024 3714 „quo
1053 3650 1156 3713 neque
1178 3630 1308 3696 vincere

189 3775 197 3780 .
204 3768 455 3780 ..-..——-...-.--—-—-—-

229 3864 252 3930 ¹)
273 3866 314 3914 De
334 3865 386 3914 hae
405 3878 472 3914 voce
491 3861 628 3915 Charisius
647 3870 708 3930 post
725 3865 808 3915 verba
828 3863 962 3916 Sallustii:
984 3864 1053 3924 „Ubi
1071 3865 1171 3932 Asper:
1195 3871 1309 3917 cetarum

154 3956 287 4022 quomodo
308 3957 422 4023 positum
443 3957 503 4006 est‘l
522 3970 570 4020 pro
592 3954 730 4021 alioquin?
750 3956 871 4022 alioquin
891 3956 1031 4010 consilium
1052 3962 1104 4021 est3
1124 3973 1158 4007 an
1178 3973 1225 4023 pro
1245 3956 1308 4006 reli-

154 4064 223 4111 cum,
242 4055 271 4099 ut
290 4051 326 4100 sit
344 4049 459 4099 nomen?
479 4045 590 4099 relicum
611 4048 750 4100 consilium
772 4050 840 4099 est“.
