2926 4492
732 57 878 154 ‚332

229 263 310 329 festa
332 260 542 346 serpentibus,
570 279 705 344 quarum
728 259 786 342 vis,
816 259 911 322 sicuti
934 256 1077 320 omnium
1099 255 1240 320 ferarum
1263 256 1392 342 (inopia

230 365 295 429 cibi
316 365 429 445 acrior,
462 362 504 425 ad
532 360 593 424 hoc
615 362 745 447 (natura
772 361 978 445 serpentium,
1010 359 1081 441 ipsa
1102 357 1302 442 pernitiosa)
1336 359 1391 423 siti

229 467 331 551 magis
347 485 445 552 quam
459 462 523 527 alia
538 485 572 527 re
588 461 790 527 adcenditur.
822 462 902 548 Ejus
917 458 1066 547 potiundi
1080 458 1218 522 Marium
1233 481 1392 526 maxuma

229 567 345 653 cupido
373 567 563 632 invaserat“.
621 564 730 630 Verba
759 565 889 648 „inopia
920 600 958 610 -
986 562 1182 648 pernitiosa“
1217 561 1390 658 Linlreruq
1447 570 1453 577 '

227 668 328 736 verba
350 677 485 753 „natura
508 706 547 716 -
569 667 765 752 pernitiosa“
787 664 975 730 Dietschius
999 667 1045 751 (p.
1065 663 1120 751 88)
1144 664 1302 750 ejicienda
1316 686 1391 729 cen-

229 771 301 836 suit.
345 770 428 835 Nam
451 767 512 832 hoc
534 769 665 855 quidem
694 769 777 835 inter
804 789 914 832 omnes
937 775 1070 848 constat,
1098 765 1175 829 ferri
1195 787 1261 830 non
1282 788 1390 851 posse,

230 871 327 961 quod,
358 871 507 958 quamvis
529 871 704 955 praecedat
725 870 826 954 „vis“,
854 880 963 935 tamen
984 868 1130 954 sequitur
1151 879 1299 951 „catara
1321 892 1388 934 ser-

225 977 375 1060 paatium
402 976 479 1058 ipsa
506 975 731 1056 pernitiosa“;
764 972 822 1038 sed
850 973 946 1037 etiam
977 973 1011 1034 in
1038 969 1197 1035 Dietschii
1228 973 1391 1057 scriptura

227 1084 381 1156 remanet,
409 1073 498 1160 quod
526 1075 674 1160 scriptori
701 1073 868 1140 brevitatis
897 1073 1130 1139 studiosissimo
1159 1074 1291 1139 minime
1314 1094 1389 1138 con·

227 1178 337 1243 venire
358 1176 514 1241 videatur.
549 1176 661 1257 Quid?
683 1176 770 1263 quod
794 1176 970 1260 ostendere,
993 1174 1180 1261 praesertim
1202 1183 1250 1240 tot
1270 1175 1389 1260 verbis,

227 1287 374 1344 natrrram
404 1280 473 1365 ejus
502 1279 643 1363 regionis
671 1278 845 1365 plurimum
879 1278 923 1344 ad
954 1277 1191 1362 exasperandos
1223 1288 1391 1362 serpentes

228 1380 409 1464 contulisse,
437 1379 594 1445 hocloco
623 1380 858 1465 ineptissimum
880 1381 1018 1463 videtur,
1045 1380 1122 1465 quia
1142 1379 1283 1442 maxime
1305 1378 1389 1444 diffi-

227 1483 361 1549 cultates
375 1484 409 1546 in
424 1504 458 1547 re
479 1480 688 1547 frumentaria
701 1481 902 1568 providenda
916 1485 1038 1568 positas
1053 1503 1092 1546 ac
1105 1482 1274 1566 penuriam
1289 1502 1389 1567 aqua

227 1608 299 1651 rum
321 1584 523 1671 expeditioni
544 1584 689 1649 offecisse
712 1584 881 1650 Sallustius
908 1584 1042 1671 exponit
1069 1584 1124 1670 (ef.
1147 1585 1275 1666 „omnia
1295 1594 1389 1650 vasta

228 1685 357 1769 inculta,
381 1686 508 1770 egentia
530 1691 671 1772 aquae“;
694 1691 724 1768 ξ.
746 1689 783 1769 6;
807 1707 877 1771 cap.
900 1688 955 1769 90;
978 1686 1153 1770 91,1-a),
1176 1687 1217 1750 ad
1240 1686 1301 1750 hoc
1324 1699 1389 1752 ser-

228 1788 380 1875 pentibus
401 1788 550 1877 infestam
572 1788 671 1852 fuisse
691 1786 778 1852 illam
799 1789 964 1872 regionem
980 1789 1083 1854 obiter
1098 1796 1131 1852 et
1150 1788 1287 1852 strictim
1303 1809 1388 1853 com-

228 1911 422 1955 memorasse
444 1889 588 1954 sufficit?
630 1890 696 1976 (cf.
717 1890 792 1974 Jug.
812 1889 860 1971 17,
873 1891 902 1971 6,
925 1890 983 1955 ubi
1003 1888 1193 1956 brevissime
1216 1888 1388 1956 Sallustius

227 1991 368 2056 addidit:
391 1991 454 2074 ,ad
467 1990 528 2056 hoc
542 1991 677 2056 malefici
692 1992 820 2078 generis
842 1990 990 2077 pluruma
1005 1989 1202 2078 animaliat‘).
1239 1992 1388 2076 Accedit,

228 2093 315 2180 quod
329 2095 362 2157 in
383 2091 537 2158 librorum
560 2095 719 2180 scriptura
739 2095 834 2157 nimis
856 2091 988 2180 longum
1010 2101 1058 2159 est
1078 2091 1282 2158 intervallum
1304 2094 1388 2159 inter

228 2216 340 2260 vocem
364 2195 526 2280 „oppidc“
549 2204 590 2279 et,
618 2194 705 2282 quod
727 2196 769 2259 ad
791 2217 861 2261 eam
889 2195 1034 2279 refertur,
1064 2216 1240 2281 pronomen
1262 2199 1386 2284 „ejus“.

227 2297 290 2362 His
312 2296 352 2361 de
375 2296 491 2379 causis,
518 2299 666 2383 quamvis
694 2298 824 2361 omissio
847 2295 982 2383 copulae
1004 2297 1038 2360 in
1060 2299 1229 2363 enunciato
1251 2298 1386 2365 relativo

228 2398 412 2465 Sallustiani
435 2400 591 2463 sermonis
606 2397 745 2464 colorem
767 2399 886 2464 habere
904 2400 1061 2481 videatur,
1084 2400 1192 2465 omnia
1212 2399 1267 2465 illa
1288 2422 1388 2486 „qua-

227 2524 300 2567 rum
320 2502 371 2565 vis
385 2540 427 2550 —
443 2499 663 2584 adcenditur“,
686 2500 798 2568 saltem
820 2502 920 2567 verba
941 2501 1002 2586 „ad
1024 2501 1085 2565 hoc
1108 2542 1145 2551 -
1163 2502 1385 2585 adcenditur“,

228 2603 338 2669 addita
360 2625 430 2668 esse
452 2614 639 2688 persuasum
670 2602 773 2669 habeo
795 2606 836 2671 ab
859 2603 976 2691 aliquo,
1008 2605 1064 2691 qui
1085 2605 1185 2669 verba
1206 2612 1318 2687 „vasta
1338 2605 1386 2668 in-

229 2705 334 2796 culta,
347 2706 473 2791 egentia
487 2709 611 2790 aquae“
633 2713 758 2771 tantum
773 2705 816 2771 ad
831 2705 1037 2772 difficultates
1060 2706 1273 2791 expeditionis
1296 2727 1387 2792 spec-

228 2816 296 2872 tare
322 2828 437 2893 parum
462 2805 664 2891 intelligeret,
689 2807 746 2873 sed
773 2829 811 2873 ea
838 2816 870 2873 et
899 2808 1035 2893 „infesta
1061 2808 1285 2893 serpentibus“
1314 2829 1384 2872 sen-

227 2911 327 2974 tentia
347 2930 492 2975 connexa
513 2931 583 2975 esse
606 2909 800 2996 opinaretur.
844 2909 949 2976 Servii
970 2920 1077 2976 autem
1098 2911 1317 2975 testimonium
1339 2912 1387 2976 ad

229 3011 286 3079 Ge.
301 3012 366 3093 III,
380 3012 444 3076 434
459 3013 632 3098 (asperque
654 3011 716 3076 siti.
760 3010 943 3078 Sallustius:
965 3014 1074 3097 „qaod
1088 3035 1192 3099 ponus
1213 3013 1266 3076 siti
1279 3012 1386 3097 magis

229 3135 325 3200 quam
340 3112 403 3179 alia
423 3137 458 3178 re
473 3112 694 3199 accenditur“)
716 3111 802 3178 haud
824 3115 892 3179 scio
913 3137 954 3178 an
974 3113 1096 3200 aliquid
1117 3113 1229 3179 afferat
1249 3112 1291 3177 ad
1313 3135 1385 3200 per-

227 3215 427 3302 spiciendam
448 3214 734 3301 interpolationem.

310 3318 456 3383 Tertium
488 3316 705 3382 testimonium
737 3325 786 3380 est
813 3319 859 3382 ad
884 3319 966 3386 Aeo.
993 3319 1038 3401 H,
1064 3317 1139 3382 157:
1173 3316 1413 3403 „plerumque

227 3419 312 3485 enim
327 3419 452 3485 evocati
468 3417 619 3483 dicuntur
633 3426 664 3482 et
678 3439 743 3482 non
758 3427 833 3484 sunt
846 3419 975 3504 milites,
996 3419 1054 3485 sed
1067 3441 1126 3506 pro
1140 3418 1254 3484 milite·
1287 3418 1385 3484 Unde

228 3521 413 3588 Sallustius:
446 3541 510 3584 neu
540 3520 612 3604 quis
634 3518 727 3585 miles
749 3542 829 3586 neve
858 3544 917 3607 pro
945 3521 1058 3589 milite.
1111 3523 1193 3588 Item
1222 3523 1309 3608 ipse:
1343 3522 1385 3587 ab

227 3625 279 3688 laia
301 3645 408 3688 amaea
430 3631 576 3686 avocatos
591 3631 620 3685 et
641 3625 864 3688 centuriones“
872 3647 885 3706 ;
910 3625 980 3691 Oct.
995 3626 1081 3709 59‚3
1102 3625 1235 3711 legitur:
1258 3624 1384 3709 „abeis

226 3728 431 3789 centuriones
463 3745 570 3787 omues
598 3725 693 3790 lectos
722 3736 750 3790 et
776 3738 932 3810 evocatos,
961 3737 1127 3814 praeterea
1155 3751 1196 3793 ex
1224 3726 1384 3812 gregariis

226 3825 382 3890 militibus
411 3833 579 3911 optumum
602 3848 763 3914 quemque
789 3838 946 3895 armatum
969 3831 1002 3894 in
1023 3831 1161 3915 primam
1182 3832 1286 3895 aciem
1308 3828 1384 3894 sub·

226 3928 345 3998 ducit.“
400 3928 595 4014 Quanquam
628 3940 761 4016 propter
792 3933 995 3998 immutatum
1029 3934 1200 3998 verborum
1234 3932 1382 3997 ordinem

227 4031 375 4096 Servium
398 4032 581 4096 memoriter
601 4029 709 4097 locum
730 4033 872 4100 attulisse
895 4037 962 4102 veri
985 4034 1087 4100 simile
1103 4044 1159 4118 est,
1181 4029 1290 4100 tamen
1312 4037 1383 4120 ejus
