2896 4764
726 60 785 122 100

173 265 385 350 imperativos
408 262 596 348 plerumque
611 259 767 345 asyndete
782 257 964 323 continuari
979 264 1118 339 constat,
1141 258 1290 343 Draeger
1301 257 1336 321 II

173 372 204 447 §-
220 366 292 447 359,
311 369 337 447 1,
354 363 385 446 b,
400 386 431 446 γ,
453 362 493 427 cf.
508 364 583 447 Jug.
602 364 719 444 110,4:
745 383 855 445 „sume
876 361 1010 445 uterer).
1056 358 1139 424 Cum
1160 367 1335 451 utrumque

173 467 389 533 testimonium
411 466 490 529 satis
512 465 612 529 multa
632 462 732 527 verba
754 462 996 548 complectatur,
1023 462 1269 547 grammaticum
1293 461 1335 525 de

173 571 292 655 scripto
315 571 431 632 citasse
454 576 486 631 et
506 568 584 632 vitia
606 566 715 630 illa-
730 568 864 630 insertas
887 564 1061 648 particulas
1077 561 1276 648 copulativas
1293 600 1334 610 -

173 693 237 736 non
260 673 329 757 ejus
350 668 568 754 indiligentiae
590 690 628 732 ae
649 666 782 749 levitati,
803 667 862 731 sed
883 664 1059 751 exemplari
1075 665 1218 731 Sallustii
1238 665 1335 729 inter-

172 773 281 860 polato
304 772 415 837 deberi
436 775 558 856 put01).

258 875 340 941 Cum
363 874 412 938 his
435 870 562 936 duobus
583 870 663 934 locis
683 891 841 954 compono
856 870 985 934 tertium
1000 871 1080 956 Jap.
1096 871 1147 952 85,
1166 872 1214 951 10,
1238 890 1334 954 quem
1354 898 1357 903 ·

173 984 309 1062 excepto
340 996 403 1039 uno
431 973 524 1057 lapsu
550 972 731 1056 „homines“
757 973 830 1057 (pro
856 972 1070 1059 „bominem“)
1094 973 1139 1036 ita
1162 982 1197 1037 ut
1218 981 1268 1036 ter
1289 982 1336 1036 at·

172 1078 245 1143 tulit
260 1078 462 1141 Priscianum
484 1076 518 1138 in
538 1075 620 1139 libro
644 1094 701 1136 suo
724 1074 840 1159 legisse
858 1075 927 1140 veri
949 1072 1145 1138 simillimum
1168 1082 1232 1138 est:
1258 1075 1334 1155 „lio-

173 1183 276 1245 miaea
298 1181 412 1243 veteris
429 1179 628 1263 prosapiae,
654 1175 832 1240 maritarum
862 1179 1048 1262 imaginata
1069 1201 1107 1241 aa
1130 1175 1256 1240 nullius
1278 1177 1336 1239 sti-

169 1283 324 1367 pendii“,
353 1301 436 1365 quae
458 1280 589 1360 XVIII,
606 1302 642 1362 p.
667 1279 744 1360 221,
768 1301 806 1362 p.
829 1279 908 1361 3603
932 1303 970 1363 p.
993 1279 1055 1343 366
1083 1277 1248 1362 leguntur,
1275 1277 1336 1341 sed

173 1406 206 1468 p.
222 1385 284 1449 360
307 1384 432 1447 omissis
455 1381 562 1446 verbis
586 1383 721 1462 „veteris
738 1382 956 1466 proserpebat
999 1379 1082 1444 Cum
1103 1379 1177 1443 libri
1194 1377 1336 1443 Sallustii

174 1488 311 1568 „veteris
332 1485 502 1571 prosapiae
526 1506 564 1547 ae
587 1481 759 1545 multarum
785 1483 962 1566 imaginum
985 1491 1013 1545 et
1034 1481 1153 1545 nullius
1176 1481 1335 1567 stipendi“

173 1587 363 1669 exhibeant,
396 1586 452 1650 sed
474 1586 563 1668 Vg²
595 1585 861 1666 „ac“on1ittanl,
889 1585 936 1647 1³²
957 1584 1004 1647 Ρ3
1027 1584 1055 1647 Β
1082 1606 1141 1668 pro
1171 1606 1208 1648 eo
1236 1589 1334 1667 „aat“

173 1689 365 1773 praebeant,
393 1689 483 1752 locus
510 1688 544 1749 in
572 1685 787 1770 suspicionem
814 1684 1069 1770 interpolationis
1091 1686 1213 1750 incidit.
1272 1685 1336 1751 Sed

173 1790 260 1855 baud
283 1800 368 1855 recte
384 1789 543 1854 Dieckius
560 1789 605 1874 (p.
620 1789 676 1875 42)
693 1787 793 1852 verba
817 1788 1011 1869 „multarum
1026 1791 1230 1873 imapioaoi“
1252 1786 1337 1874 glos·
1430 1864 1434 1871 ,

174 1914 264 1956 sema
286 1893 328 1957 ad
351 1893 488 1975 „veteris
513 1892 703 1977 prosapiae“
734 1890 910 1976 ascriptum
940 1913 1009 1954 esse
1033 1891 1208 1976 judicavit:
1242 1912 1280 1954 ea
1301 1901 1338 1955 ut

175 1996 336 2058 contraria
357 1994 465 2060 verbis
493 1992 630 2076 ,nullius
658 1992 815 2078 stipendi“
846 1991 1059 2058 defenduntur
1086 1991 1158 2056 loco
1187 2014 1251 2055 non
1275 1991 1337 2056 dis-

175 2096 271 2160 simili
293 2097 377 2161 Hist.
392 2097 460 2179 III,
485 2099 536 2177 61,
561 2097 614 2160 18:
646 2093 884 2177 „Mithridatem
918 2093 1093 2159 Sertorium
1126 2103 1157 2159 et
1187 2093 1337 2179 reliquias
1372 2177 1374 2181 Ι

174 2196 306 2261 exulum
327 2207 561 2283 persequantur
584 2220 659 2260 cum
680 2195 876 2281 imaginibus
898 2198 973 2279 suis,
1000 2197 1086 2263 absit
1107 2196 1284 2282 perieulum
1307 2205 1340 2261 et

174 2299 283 2383 labos,
313 2301 430 2386 quibus
456 2300 544 2363 nulla
571 2320 646 2384 pars
674 2299 797 2361 fructus
826 2305 904 2362 est“.
963 2299 1122 2384 Equidem
1152 2322 1230 2384 ega,
1263 2321 1338 2362 cum

172 2388 275 2466 uerba
298 2402 491 2483 „multarum
510 2402 708 2485 imaginum“
733 2398 870 2481 ,nullius
886 2401 1048 2486 stipendi“
1066 2402 1224 2467 contrarie
1238 2400 1339 2466 relata

174 2506 252 2585 sint,
285 2505 463 2590 asyndeton
496 2506 578 2568 inter
610 2526 648 2567 ea
680 2501 913 2567 restituendum
942 2512 1038 2588 puto,
1069 2513 1235 2588 praeterea
1264 2513 1339 2588 post

173 2604 272 2669 verba
297 2607 432 2688 „veteris
455 2606 655 2691 prosapiae“.
699 2605 924 2690 De'asyndeto
939 2608 1023 2670 inter
1038 2605 1137 2671 verba
1151 2605 1251 2670 relata
1265 2626 1339 2668 oon-

174 2706 271 2768 trarie
301 2717 454 2791 usurpato
487 2730 585 2792 supra
608 2709 677 2793 jam
706 2706 863 2790 diximus3
897 2707 949 2770 hic
982 2709 1123 2772 maxime
1153 2706 1338 2772 conferendi

175 2814 250 2871 sunt
271 2808 302 2871 ei
323 2807 404 2889 loci,
435 2811 552 2894 quibus
579 2810 707 2873 tertium
731 2809 911 2874 membrum
933 2808 1089 2894 asyndete
1111 2810 1257 2876 additum
1281 2812 1337 2875 sit:

178 2908 246 2974 Cat.
269 2910 350 2990 5,4
380 2911 497 2995 (alieni
527 2913 699 2995 adpetens,
727 2913 781 2975 sai
803 2912 986 2996 prffasas,
1014 2913 1130 2976 ardens
1158 2914 1191 2975 in
1215 2912 1337 2997 cupidi·
1364 2921 1367 2926 ’

175 3010 324 3096 tatibus);
347 3011 413 3095 9,2
436 3016 488 3099 (ia
511 3014 681 3097 subpliciis
703 3015 836 3078 deorum
857 3016 1036 3100 magnifici,
1065 3017 1154 3078 domi
1170 3018 1281 3098 parci,
1303 3016 1338 3078 in

176 3114 297 3177 amicos
324 3113 434 3180 fideles
464 3116 585 3202 erant),
618 3115 693 3198 Jug.
717 3116 803 3197 63,2
827 3117 966 3202 (animus
989 3117 1063 3181 belli
1087 3119 1219 3202 inpone,
1250 3116 1338 3181 domi

175 3218 336 3298 modicas,
366 3216 517 3281 lubidinis
546 3228 577 3282 et
607 3217 791 3281 divitiarum
822 3218 939 3300 vietor,
970 3219 1190 3283 tantummodo
1217 3217 1338 3303 gloriae

176 3318 321 3405 avidus),
350 3320 431 3402 17,5
455 3322 547 3405 (ager
568 3319 697 3404 frugum
719 3318 849 3402 fertilis,
871 3321 973 3384 bonas
990 3324 1120 3406 pecori,
1149 3323 1263 3386 arbore
1285 3324 1337 3385 ia-

166 3419 364 3506 fecundas).

262 3524 364 3588 Sicuti
385 3522 446 3587 hoc
467 3522 538 3587 loco
554 3524 691 3608 vestigia
711 3524 964 3608 interpolationis
982 3524 1016 3586 in
1031 3525 1188 3588 Vaticano
1205 3534 1236 3589 et
1250 3525 1338 3611 apud

177 3624 377 3689 Priscianum
400 3626 612 3691 dubitaverim
639 3649 681 3690 an
710 3635 837 3691 servata
865 3627 929 3691 sint
954 3628 1049 3690 etiam
1078 3628 1111 3690 in
1133 3628 1242 3693 verbis
1268 3629 1338 3694 Cat.

177 3726 293 3807 20,10,
317 3749 398 3811 qnae
421 3729 605 3792 Priscianus
621 3728 745 3808 XVIII,
764 3753 799 3812 p.
819 3728 882 3793 364
904 3730 949 3794 ita
971 3730 1117 3813 exhibet3
1143 3752 1220 3816 ,pro
1242 3730 1337 3795 deum

252 3955 274 4013 ¹)
302 3953 480 4014 „Intuemini“
507 3972 553 4020 pro
583 3956 747 4016 ,enitiminil
776 3958 802 4005 in
829 3956 912 4009 altero
932 3959 992 4009 loco
1013 3958 1085 4008 baud
1105 3960 1162 4009 scio
1183 3975 1217 4007 an
1237 3957 1338 4007 librarii

119 4112 128 4119 .
179 4050 265 4095 errato
286 4045 454 4096 tribuendum
474 4048 516 4101 sit.
