2926 4492
714 71 864 167 *lq-

209 269 301 334 datos
323 292 392 335 esse
415 291 488 333 cum
514 291 627 354 perse
649 268 837 335 incredibile
865 270 992 336 videtur
1019 278 1087 334 tum
1109 270 1255 334 Frontini
1279 271 1368 335 testi·

209 372 316 460 monio
338 372 571 457 redarguitur.“
615 371 724 437 Verba
745 371 902 438 Dietschii
924 373 1097 457 exscripsi,
1135 372 1211 457 quia
1232 392 1367 456 prorsus

209 474 240 539 ei
268 466 432 559 astipulor.
476 472 621 555 Accedit,
654 473 741 559 quod
769 473 866 559 paulo
894 484 967 560 post
990 475 1055 560 (94,
1071 475 1105 560 2)
1135 475 1174 555 ei,
1207 475 1264 559 qui
1291 494 1367 537 cum

208 576 327 661 Ligure
349 575 536 659 escendunt,
559 574 715 656 „milites“
737 586 901 641 vocantur.
944 576 1097 639 Frontino
1121 597 1247 662 quoque
1268 577 1367 639 nimis

207 698 342 762 parvam
369 699 500 742 manum
528 678 631 742 visam
662 700 732 744 esse
760 687 792 744 et
819 701 858 744 ea
887 678 927 742 de
955 699 1051 741 causa
1080 700 1154 742 eum
1181 698 1239 741 suo
1261 675 1366 740 Marte

208 781 387 866 scripsisse:
412 800 550 865 ,paucos
565 779 777 861 centuriones,
796 781 912 865 quibus
927 780 1175 865 perfectissimos
1191 801 1263 843 cum
1280 777 1366 843 velo-

207 883 344 946 cissimis
358 879 514 945 militibus
530 889 714 947 aeneatores
736 883 985 965 immiscuerat“,
1008 881 1048 946 ab
1065 884 1151 946 omni
1173 881 1242 946 veri
1256 881 1367 966 specie

207 983 370 1068 abhorret3
392 1005 467 1047 nam
489 1005 562 1047 cum
584 1005 658 1047 eum
681 985 793 1049 ceteris
815 983 904 1066 locis,
927 984 1073 1070 quamvis
1096 983 1241 1048 Sallustii
1262 980 1366 1047 verba

207 1087 336 1170 saepius
359 1086 555 1150 contraxerit
576 1095 608 1151 et
621 1087 802 1168 variaverit,
824 1093 931 1150 tamen
952 1086 986 1150 in
1007 1108 1041 1149 re
1062 1106 1222 1171 nusquam
1244 1084 1285 1149 ab
1308 1081 1365 1148 illo

207 1188 374 1252 aberrasse
395 1187 575 1271 videamus,
596 1187 683 1252 idem
705 1187 745 1253 de
767 1186 920 1252 hocloco
943 1188 1149 1254 statuendum
1170 1187 1240 1253 erit.
1271 1186 1365 1250 Diet-

208 1289 313 1354 schius
334 1291 433 1376 igitur
448 1299 521 1355 ante
538 1298 708 1377 „quattuor
722 1290 944 1355 centuriones“
961 1291 1118 1355 excidisse
1140 1297 1249 1354 censet
1263 1288 1364 1353 verba

209 1392 345 1476 „milites
362 1414 491 1477 paucos
513 1397 572 1457 et“.
617 1391 683 1458 Sed
711 1391 826 1457 melius
847 1414 885 1456 ac
907 1391 1085 1478 simplicius
1108 1391 1214 1456 locum
1236 1391 1364 1455 restitui

208 1494 368 1576 existimo,
400 1495 546 1579 siquam
575 1495 723 1578 proxime
749 1494 932 1559 accedimus
961 1493 1003 1558 ad
1029 1493 1129 1558 verba
1150 1493 1298 1557 Frontini
1322 1529 1361 1538 -—

206 1597 263 1681 qui
277 1605 461 1661 aeneatores
476 1594 656 1682 militesque
676 1596 776 1660 artius
791 1597 964 1680 conjungit,
986 1595 1188 1660 centuriones
1203 1602 1364 1680 segregat,

206 1696 325 1762 milites
353 1695 589 1779 velocissimos,
622 1698 872 1782 perfectissimos
894 1706 1079 1763 aeneatores
1101 1699 1244 1762 nominat
1266 1735 1304 1745 —
1329 1705 1364 1760 et

205 1801 252 1865 ita
283 1798 468 1863 scribimus:
513 1800 641 1883 „itaque
674 1821 716 1863 ex
752 1799 846 1884 copia
883 1799 1063 1865 tubicinum
1096 1810 1129 1865 et
1161 1799 1361 1864 cornicinum

205 1922 339 1964 numero
354 1902 495 1987 quinque
518 1923 617 1985 quam
627 1901 893 1985 perfectissomos
915 1902 1094 1988 militesque
1110 1887 1241 1986 pascos
1263 1921 1361 1986 quam

205 2002 435 2068 velocissumos
457 2001 576 2088 delegit
595 2011 636 2086 et,
660 2026 734 2067 cum
757 2004 802 2068 eis
818 2005 979 2089 praesidio
996 2005 1050 2091 qui
1072 2005 1186 2082 forent,
1210 2011 1361 2089 quattuor

206 2104 436 2170 centuriones.“
481 2104 545 2187 Ea,
576 2127 658 2191 quae
681 2127 740 2191 ego
763 2107 953 2192 interposui,
984 2128 1080 2193 quam
1101 2104 1193 2170 facile
1215 2113 1359 2190 praeter-

204 2208 289 2272 mitti
317 2209 481 2293 potuerint
503 2230 522 2271 a
543 2208 672 2272 librario
695 2209 840 2292 aprione
865 2213 1000 2294 „quam“
1024 2207 1066 2270 ad
1092 2205 1229 2270 alterum
1256 2205 1359 2268 oeulis

204 2309 376 2390 aberranti,
408 2311 442 2373 in
463 2319 574 2395 aperto
597 2311 690 2396 est.¹)
733 2309 843 2375 Verba
866 2333 957 2392 „cum
979 2310 1044 2372 eis“
1073 2316 1179 2373 autem
1202 2307 1271 2391 jam
1294 2327 1360 2369 non

205 2433 278 2475 cum
302 2410 459 2495 „delegit“
483 2451 523 2460 -
546 2411 632 2498 quod
648 2433 768 2494 omnes,
791 2432 871 2497 quos
892 2411 978 2492 novi,
1000 2408 1138 2474 editores
1159 2409 1303 2474 fecerunt
1318 2447 1357 2459 -

205 2515 262 2578 sed
292 2535 365 2578 cum
394 2515 573 2598 „praesidio
602 2515 658 2600 qui
685 2515 808 2578 forent“
837 2510 1059 2598 conjungenda
1088 2520 1177 2594 sunt3
1214 2509 1360 2575 similiter

206 2614 376 2681 Sallustius
404 2616 488 2680 dixit
513 2617 588 2700 Jug.
616 2617 668 2699 46,
691 2618 725 2680 7:
763 2617 814 2699 ,in
844 2625 1016 2700 utrumque
1050 2613 1134 2680 latus
1171 2611 1358 2678 auxiliarios

204 2718 328 2803 equites
358 2717 657 2803 -dispertiverat,
689 2726 725 2781 ut
758 2741 830 2781 corn
862 2719 909 2780 eis
941 2717 1094 2800 permixti
1125 2715 1247 2799 velites,
1281 2736 1358 2801 quo-

205 2841 342 2905 cumque
357 2819 560 2903 adcederent,
575 2821 735 2906 equitatus
749 2818 889 2883 hostium
900 2820 1160 2903 propulsarent“;
1177 2818 1232 2903 (de
1249 2818 1359 2881 ordine

203 2921 376 2987 verborum
403 2922 442 2986 cf.
466 2921 536 2987 Cat.
557 2924 659 3006 29,1:
692 2942 796 3007 neque
826 2920 985 2984 exercitus
1007 2918 1107 2985 Manli
1135 2929 1273 3005 quantus
1304 2927 1360 2985 aut

205 3046 268 3110 quo
292 3022 425 3088 consilio
446 3023 528 3088 foret
550 3025 627 3088 satis
649 3031 837 3109 conpertum
853 3021 1007 3106 habebat,
1029 3024 1081 3104 43,
1096 3023 1132 3086 2:
1156 3019 1301 3086 Statilius
1325 3030 1359 3084 et

206 3126 365 3192 Gabinius
386 3126 435 3189 uti
457 3163 496 3173 —-
517 3125 740 3207 incenderent3
761 3125 837 3210 Jug.
861 3124 981 3207 14,13;
1003 3126 1054 3206 64,
1069 3126 1105 3188 5:
1128 3122 1262 3187 dimidia
1282 3142 1359 3207 pars
1387 3134 1391 3138 ’

205 3229 366 3294 exercitus
395 3229 422 3292 si
453 3226 515 3292 sibi
542 3229 793 3312 permitteretur3
830 3226 900 3291 Cat.
923 3226 974 3307 58,
997 3228 1054 3290 20:
1086 3247 1161 3288 nam
1188 3222 1357 3290 multitudo

204 3331 343 3396 hostium
358 3352 398 3394 ne
414 3329 642 3394 circumvenire
658 3335 766 3414 queat;
788 3327 864 3412 Jug.
882 3327 954 3408 102,
970 3329 1022 3391 11:
1046 3326 1129 3392 bello
1145 3326 1223 3413 quid
1238 3324 1358 3407 valeat3

204 3434 255 3515 65,
270 3433 306 3497 2:
328 3453 416 3497 more
438 3453 551 3516 regum
573 3439 609 3494 ut
630 3430 739 3496 sellam
756 3432 855 3517 juxta
875 3439 1022 3516 poneret3
1058 3430 1110 3512 38,
1125 3431 1159 3493 3:
1188 3427 1244 3492 alii
1266 3430 1358 3513 signo

278 3686 303 3753 ¹)
331 3687 374 3736 Ex
400 3685 475 3737 libris
502 3685 599 3736 nostris
627 3689 688 3751 post
717 3700 842 3746 „numero
866 3687 1000 3751 quinque“
1027 3681 1148 3735 nonnulli
1180 3681 1288 3744 ,11111111
1314 3682 1358 3733 vcl

206 3779 352 3844 „milium“,
382 3777 428 3827 alii
458 3776 597 3843 „pedites“
626 3781 672 3828 aut
696 3777 724 3826 in
749 3781 823 3828 textu
843 3781 889 3826 aut
913 3793 993 3842 snper
1016 3776 1116 3825 lincam
1141 3775 1255 3827 habent:
1288 3791 1357 3840 quae

203 3871 320 3934 vestigia
345 3883 425 3918 verae
449 3867 573 3918 lectionis
602 3866 688 3933 (certe
709 3868 767 3933 jam
795 3870 822 3918 in
842 3870 993 3934 archetypo
1014 3867 1134 3931 mutilae)
1160 3885 1218 3920 esse
1238 3874 1356 3934 possunt.

205 3957 447 4021 81111111,
468 3957 502 4006 57
527 3975 570 4026 sp.
590 3958 660 4012 cell.
681 3960 719 4020 ΙΙ,
740 3959 783 4019 27,
809 3960 856 4010 ubi
882 3959 982 4020 „tribus
1002 3959 1125 4010 milibus“
1152 3978 1199 4027 pro
1220 3960 1358 4021 „tribunus

204 4050 335 4102 1111111111
355 4051 484 4117 scriptum
504 4057 552 4115 est,
572 4051 685 4103 similem
707 4051 883 4118 corruptelam
903 4051 1016 4102 inveniri
1036 4051 1169 4104 Linkerus
1188 4051 1298 4103 monuit.
