2926 4492
625 90 626 93 ‘
648 73 794 172 33„

149 280 225 344 ciati
250 277 373 342 relativi
400 275 515 360 plurali
543 282 678 339 numero
699 274 835 340 refertur
857 281 980 337 tantum
1002 272 1044 336 ad
1066 270 1304 336 substantivum

150 384 339 463 „numerus“
370 377 446 463 Jug.
468 379 519 458 35,
542 379 575 460 65
598 379 648 454 38,
669 379 700 444 6.-
747 377 837 442 Haec
865 384 960 460 atque
987 397 1069 460 quae
1097 376 1131 437 in
1160 374 1304 459 quinque

148 481 347 561 testimoniis,
372 480 411 545 de
427 478 544 565 quibus
560 479 645 542 infra
658 479 805 565 pluribus
818 479 990 543 dicendum
1006 479 1076 558 erit,
1098 477 1306 540 inveniuntur

88 654 91 660 ,
148 583 350 648 librariorum
373 581 489 646 menda
506 622 541 629 —
561 604 592 666 p.
610 582 670 646 126
693 580 782 665 (Jug.
805 583 857 662 48,
873 583 906 668 3)
932 579 1034 665 „fere“
1064 601 1123 665 pro
1148 577 1304 662 „ferme“;

149 693 278 760 „vastus
294 694 327 749 et
341 683 481 748 humano
497 682 605 747 cultu“
618 704 676 768 pro
691 693 821 765 „vastus
837 685 877 747 ab
893 693 1018 748 buturo
1033 691 1064 745 et
1078 679 1164 744 hum.
1177 677 1304 760 cultu“;

148 809 180 872 p.
204 787 265 850 222
294 785 384 871 (Jug.
407 787 458 867 46,
482 786 514 870 1)
548 784 703 870 „ubique“
734 786 826 870 (prbi
854 790 956 870 qcuc“
988 791 1075 847 recte
1103 781 1149 868 H)
1180 791 1212 846 et
1241 803 1305 862 „ex

150 888 270 952 nuntiis
300 890 454 973 acceptis,
483 885 596 950 simul‘
627 891 726 971 (recte
756 891 920 972 „accepit“
944 887 1050 973 HP);
1076 906 1108 969 p.
1131 884 1193 948 329
1217 883 1303 971 (Ost.

149 990 200 1072 30,
216 990 268 1076 3):
291 987 482 1071 ,‚M'tullius“
505 1009 564 1073 pro
586 988 647 1069 „Q.
662 989 845 1072 Metellus“;
868 1011 899 1074 p.
923 989 985 1053 333
1007 987 1093 1074 (Oet.
1108 988 1161 1068 59,
1175 987 1227 1071 {³):
1252 986 1306 1070 „in

148 1091 305 1155 frontem“
321 1112 379 1176 pro
397 1091 449 1173 „in
462 1090 603 1173 frontc“;
624 1114 657 1177 p.
673 1092 735 1156 350
750 1090 836 1178 (Cat.
850 1093 882 1173 4,
897 1093 931 1177 2)
949 1100 1004 1173 „ut
1018 1110 1165 1174 quaeque
1184 1109 1305 1152 memo·

150 1194 198 1256 ria
219 1192 319 1276 digna
339 1191 533 1256 videbantur
550 1194 801 1275 perscriberem“
820 1197 935 1279 (marg.
957 1193 1191 1276 „perscribere“
1208 1191 1246 1272 Ρ,
1269 1199 1306 1254 ut

151 1293 295 1377 Sallust.)
310 1296 335 1380 ¹)
357 1330 388 1341 —
410 1293 489 1360 haee
514 1296 622 1359 omnia
644 1295 834 1358 confirmant
857 1294 891 1358 id
919 1294 1006 1380 quod
1032 1293 1072 1357 de
1093 1293 1191 1356 Nonii
1211 1291 1305 1356 libris

151 1395 340 1461 Gerlachius
363 1396 462 1483 praef.
485 1420 517 1483 p.
541 1397 656 1460 XXIV
679 1407 710 1462 et
732 1396 908 1477 Quicherat
928 1420 960 1483 p.
972 1395 1050 1478 VII,
1073 1395 1194 1459 XXIII
1217 1394 1305 1480 judi-

149 1500 237 1563 cium
251 1499 425 1563 lecerunt:
459 1500 606 1584 quamvis
636 1520 746 1563 omnes
772 1499 975 1584 grammatici
1007 1519 1027 1561 a
1052 1495 1192 1560 librariis
1221 1497 1306 1560 male

149 1601 251 1666 habiti
266 1602 338 1682 sint,
354 1599 477 1664 nullum
493 1610 600 1665 tamen
614 1599 707 1685 plura.
718 1601 852 1665 vulnera
864 1621 959 1686 quam
971 1598 1112 1663 Nonium
1122 1601 1305 1691 accepisse.

234 1701 342 1787 Atque
363 1704 397 1764 in
411 1703 461 1766 his
484 1703 612 1787 quidem
627 1702 717 1786 locis,
740 1725 821 1791 quos
843 1703 947 1767 adhuc
969 1702 1235 1784 enumeravimus,
1258 1703 1304 1764 in·

151 1802 335 1889 diligentiae
358 1805 489 1868 crimine
504 1804 627 1869 Nonius
648 1806 825 1870 insimulari
846 1826 911 1868 non
925 1812 1046 1890 potest3
1068 1805 1209 1888 quinque
1226 1825 1305 1867 vero

150 1907 333 1970 testimonia
353 1906 399 1968 ita
413 1915 597 1989 comparata
611 1916 694 1990 sunt,
716 1918 751 1973 ut
764 1929 877 1993 parum
893 1915 1043 1970 accurate
1057 1906 1306 1990 grammaticum

152 2006 295 2072 Sallustii
316 2006 415 2072 verba
435 2008 616 2093 inspexisse
637 2018 693 2074 aut
714 2010 898 2075 memoriter
911 2010 1137 2096 conscripsisse
1158 2017 1305 2093 apertum

152 2110 208 2174 sit:
234 2111 306 2193 lp.
331 2109 389 2173 177
415 2133 475 2194 „ex
503 2109 625 2196 praelio
643 2111 741 2199 sapit
768 2112 802 2174 in
824 2111 1025 2195 provinciam
1046 2132 1086 2174 ac
1106 2110 1222 2174 deinde
1242 2110 1306 2175 Ro-

153 2234 239 2275 mam
262 2214 469 2277 contendere
494 2213 587 2298 (Jup.
610 2215 659 2295 13,
681 2216 773 2276 3-4
802 2212 932 2298 legitur:
963 2212 1081 2288 „fretus
1102 2211 1306 2277 multitudine

153 2311 289 2379 militum
319 2314 454 2398 parabat
478 2313 575 2377 armis
599 2315 799 2378 contendere.
843 2315 899 2379 Set
924 2314 980 2379 ubi
1002 2336 1053 2379 res
1079 2314 1121 2379 ad
1143 2323 1307 2378 certamen

153 2417 254 2498 venit,
280 2416 383 2479 victus
406 2437 447 2480 ex
466 2415 591 2498 proelio
608 2415 765 2502 profupr't
792 2417 826 2479 in
849 2440 943 2501 prov.
971 2437 1010 2480 ac
1031 2417 1147 2481 deinde
1169 2417 1306 2480 Romam

154 2519 367 2603 coutendit“);
389 2517 531 2581 Nonium
553 2525 609 2581 aut
628 2519 662 2581 in
676 2517 880 2604 perlegendis
897 2517 1041 2583 Sallustii
1055 2519 1163 2584 verbis
1178 2539 1198 2580 a
1213 2539 1307 2601 „ecn-

153 2618 274 2684 tendit“
298 2618 340 2682 ad
361 2619 395 2683 id
410 2620 496 2705 quod
514 2642 612 2706 supra
626 2618 742 2704 legitur
765 2620 997 2703 „contendere“
1021 2621 1121 2686 oculis
1142 2621 1307 2686 aberrasse

155 2731 211 2786 aut
233 2721 313 2785 duas
339 2718 409 2784 illas
435 2723 624 2804 sententias,
649 2743 783 2806 quarum
809 2724 948 2806 priorem
973 2723 1070 2807 paulo
1095 2731 1168 2787 ente
1189 2745 1221 2806 p.
1247 2722 1308 2786 176

156 2822 426 2905 commemoravit,
442 2825 596 2887 memoria
615 2845 729 2908 parum
740 2822 927 2888 retinentem
939 2824 1120 2890 confudisse
1131 2825 1199 2889 veri
1210 2823 1308 2888 simil-

155 2923 265 2988 limum
281 2931 341 3006 est3
363 2923 495 2989 alterurn
510 2922 663 2988 mendum
680 2925 812 3008 „fugit“,
835 2925 920 3011 quod
938 2926 1024 2990 idem
1046 2928 1081 2991 in
1096 2926 1200 2991 tribus
1215 2924 1308 2990 libris

157 3025 358 3092 Sallustianis
380 3025 513 3091 secundi
526 3026 654 3109 generis
676 3026 847 3109 invenitur,
869 3038 975 3093 utrum
990 3028 1088 3092 Nonii
1109 3050 1150 3091 an
1163 3028 1308 3093 librario·

156 3151 228 3193 rum
255 3126 350 3213 culpa
375 3137 484 3192 natum
513 3126 566 3206 sit,
593 3127 626 3189 in
655 3127 759 3192 medio
785 3126 1030 3215 relinquendum
1051 3130 1193 3195 videtur:
1221 3139 1307 3194 certe

156 3233 239 3296 inter
253 3230 354 3296 verba
372 3226 468 3293 simili
490 3227 582 3291 initio
597 3226 720 3313 syllaba
743 3245 840 3316 „prou
855 3232 1006 3298 facillime
1022 3231 1171 3297 excidere
1186 3233 1309 3317 potuit3

157 3342 299 3398 ceterum
314 3328 425 3394 similis
442 3327 564 3393 collisio
579 3329 742 3396 invenitur
753 3333 823 3399 (iat.
835 3335 885 3416 30,
900 3337 931 3398 1:
954 3334 1011 3418 „L.
1026 3333 1168 3400 Saenius
1182 3341 1309 3398 senator

156 3437 190 3498 in
205 3441 349 3500 senatu&
382 3430 402 3494 2
418 3452 457 3514 p.
471 3430 547 3495 380:
564 3455 718 3517 „cumque
733 3435 782 3500 his
796 3437 948 3521 permixti
962 3434 1093 3501 velites“
1106 3437 1200 3521 (Jup.
1211 3435 1264 3516 46,
1275 3434 1309 3497 l:

160 3546 215 3620 „ut
229 3558 301 3600 cum
316 3534 362 3598 eis
384 3555 416 3618 p.
431 3533 509 3618 v.“).
552 3534 572 3597 3
590 3558 626 3619 p.
641 3536 719 3601 380:
742 3540 830 3624 „ipse
853 3559 927 3602 cum
947 3538 1108 3624 expeditis
1123 3537 1310 3602 cohortibus

157 3638 273 3703 debinc
296 3636 424 3722 („item“
448 3633 591 3700 Sallustii
612 3635 686 3703 libri
705 3641 785 3726 Jup.
807 3642 859 3721 46,
875 3641 909 3720 7)
930 3640 1127 3705 funditorum
1153 3649 1186 3704 et
1213 3640 1310 3724 sagit·

233 3869 257 3937 ¹)
277 3870 318 3923 cf.
341 3886 368 3936 p.
388 3870 449 3934 241,
474 3873 520 3923 ubi
544 3873 611 3926 duos
630 3876 749 3928 Sallustii
772 3878 846 3928 locos
872 3875 946 3942 (Jug.
966 3875 1009 3940 80,
1031 3878 1047 3924 6
1073 3882 1100 3928 et
1118 3877 1177 3926 Cat·
1197 3874 1241 3937 58,
1263 3871 1309 3935 19)

158 3964 260 4015 Nonius
280 3962 379 4028 attulit,
405 3963 452 4014 sed
473 3966 608 4033 utriusque
627 3969 756 4020 nonnulla
774 3969 940 4032 exciderunt,
966 3969 1028 4033 quia
1047 3969 1169 4020 librarius
1188 3983 1205 4016 a
1223 3967 1311 4032 priore

160 4055 194 4105 ad
213 4054 323 4105 alterum
346 4055 546 4121 nnecessitudo“
568 4061 651 4111 oculis
671 4061 851 4122 aberraverat3
871 4076 898 4123 p.
914 4058 955 4108 lb.
