2926 4492
690 51 840 150 ji...

184 275 347 319 armorum
370 263 466 338 atque
488 257 674 339 equorum“.
719 251 785 318 Sed
805 250 858 317 ille
879 249 969 315 locus
992 274 1009 316 e
1032 249 1221 315 testimoniis
1242 251 1344 316 Fron-

183 359 268 424 tonis
291 367 324 422 et
344 355 497 420 Arusiani
518 355 738 421 emendandus
761 362 811 419 est
832 374 969 438 „genere
996 362 1092 438 atque
1112 353 1227 436 forma,
1251 375 1344 439 prae-

183 467 271 524 terea
305 458 375 522 viro
411 455 558 541 liberis“;
594 457 647 521 hic
678 456 713 520 in
745 455 961 542 suspicionem
992 465 1126 520 vocatur
1160 456 1344 520 testimonio

184 559 358 645 Augustini
379 558 426 641 V,
443 560 498 623 12:
524 559 704 643 ,sociorum
724 568 821 644 atque
843 558 971 639 civium,
993 565 1160 643 praeterea
1180 577 1343 621 armorum
1433 597 1438 603 -

184 671 213 726 et
233 664 424 746 equorum“:
447 682 511 746 qua
526 660 739 747 discrepantia
759 659 914 740 lectionis,
937 679 1009 722 oum
1024 667 1174 723 accurate
1189 658 1364 743 Augusti--
1401 746 1408 759 .

183 786 260 827 num
277 761 422 828 Sallustii
443 761 532 827 locos
547 764 757 849 exscripsisse
773 760 957 827 confirmari
974 762 1085 845 possit,
1108 760 1240 846 probari
1253 769 1342 846 puto,

182 865 267 928 hunc
288 864 394 930 locum
416 864 592 951 antiquitus
607 863 741 930 diversis
763 863 963 949 glossematis
985 861 1153 949 impletum
1168 884 1343 947 veramque

182 968 352 1032 lectionem
381 988 452 1031 esse
481 967 660 1043 „sociorum
687 974 784 1052 atque
811 966 947 1046 civium,
983 972 1149 1050 praeterea
1177 987 1344 1031 armorum

184 1079 371 1154 equorcm‘t

269 1170 339 1236 Cat.
354 1170 383 1253 6,
399 1172 419 1235 3
442 1160 535 1257 (,Set
548 1178 720 1256 postquam
741 1193 793 1236 res
808 1191 929 1251 eorum,
952 1166 1081 1233 civibus
1096 1169 1240 1234 moribus
1254 1169 1343 1254 agris

183 1279 296 1354 aucta,
317 1273 395 1336 satis
416 1292 571 1358 prospera
592 1274 735 1359 satisque
757 1271 882 1358 pollens
902 1269 1073 1336 videbatur
1095 1309 1135 1319 —-
1157 1270 1278 1336 invidia
1299 1293 1343 1334 ex

184 1373 347 1460 opulentia
358 1381 428 1438 orta
438 1378 521 1459 est“)
533 1376 648 1440 merito
661 1375 792 1440 offendit
802 1376 836 1438 in
847 1395 927 1439 voce
940 1371 1170 1458 ,moutarn
1180 1372 1344 1458 Sprenger

184 1478 307 1563 (batth.
323 1479 343 1562 f.
359 1479 471 1562 bibliot.
496 1474 599 1558 CXV,
623 1478 709 1562 184),
731 1476 869 1562 primum
893 1475 970 1561 quia
990 1475 1107 1540 mirum
1127 1473 1264 1558 videtur,
1287 1473 1343 1540 ab·

183 1586 338 1641 stractum
360 1579 444 1642 inter
465 1577 528 1641 duo
544 1587 692 1642 concreta
706 1578 863 1642 insertum
877 1599 957 1661 esse,
979 1577 1096 1641 deinde
1119 1575 1205 1662 quod
1227 1577 1269 1643 ob
1293 1600 1343 1660 ea,

183 1700 267 1766 quae
289 1687 479 1765 sequuntur,
506 1678 584 1742 talia
604 1681 785 1744 enumerari
807 1687 1050 1764 exspectamus,
1080 1699 1161 1764 quae
1186 1677 1343 1745 invidiam

183 1803 297 1865 regum
326 1771 583 1866 populorumque
612 1780 821 1844 finitimorum
852 1781 994 1845 excitare
1026 1781 1197 1866 potuerint.
1248 1780 1345 1844 Hunc

182 1882 289 1947 locum
307 1885 377 1968 jam
398 1884 596 1970 perantiquis
611 1881 809 1968 temporibus
824 1881 1026 1968 glossematis
1047 1882 1250 1969 inquinatum
1273 1904 1343 1947 esse

165 1983 279 2048 docet
300 1984 518 2048 testimonium
540 1985 715 2071 Augustini
737 1986 870 2067 111,10:
902 1985 1054 2070 „legibue
1076 1982 1233 2066 moribus,
1255 1987 1343 2068 agris

182 2091 296 2150 auctas
307 2087 344 2173 1).
402 2085 492 2168 Quae
514 2108 588 2151 cum
610 2090 656 2152 ita
677 2088 755 2170 sint,
783 2086 905 2152 collatis
928 2083 1086 2150 similibus
1107 2085 1200 2169 locis,
1224 2087 1343 2172 quibus

182 2187 223 2252 de
246 2189 408 2274 opulentia
429 2211 542 2274 regum
564 2199 619 2254 aut
640 2188 729 2254 urbis
752 2188 876 2254 dicatur
896 2188 987 2273 (Jug.
1004 2189 1075 2270 110,
1089 2188 1124 2252 4:
1145 2209 1236 2251 arma
1255 2190 1343 2254 viros

181 2292 367 2376 pecuniam3
389 2292 440 2372 62,
456 2291 489 2373 83
512 2313 563 2376 ep.
585 2291 692 2356 Mithr.
717 2292 771 2373 163
792 2290 868 2374 Jug.
884 2290 935 2370 92,
952 2291 987 2372 73
1009 2288 1061 2370 57,
1077 2290 1112 2372 13
1135 2289 1205 2355 Oat.
1221 2291 1273 2372 52,
1285 2292 1342 2375 203

181 2392 258 2478 Jug.
280 2394 332 2475 89,
347 2393 382 2457 4:
410 2393 524 2457 muniti
545 2414 610 2456 non
638 2391 806 2456 moenibus
828 2389 924 2455 modo
946 2398 979 2456 et
999 2391 1098 2454 armis
1119 2400 1216 2478 atque
1238 2393 1342 2480 viris),

182 2503 238 2559 aut
261 2493 442 2577 „moribust
466 2495 669 2580 corruptione
691 2494 811 2560 factum
835 2515 906 2558 csse
922 2515 965 2556 ex
981 2496 1122 2576 „mace
1138 2492 1190 2557 vel
1204 2497 1343 2568 „moeni-

183 2596 260 2659 bas“
281 2606 360 2681 puto
376 2604 431 2661 aut
447 2599 589 2679 „armis“
606 2606 681 2662 ante
697 2596 821 2682 „agris“
840 2594 1009 2676 excidisse,
1035 2594 1216 2679 ,moribus“
1233 2603 1343 2660 autem

182 2696 436 2762 additamentum
459 2720 529 2763 esse
550 2697 748 2784 glossatoris,
771 2698 827 2782 qui
849 2698 889 2763 ob
913 2719 967 2778 ea,
994 2719 1076 2782 quae
1098 2705 1193 2762 antea
1213 2707 1344 2764 narrata

182 2805 257 2862 sunt
269 2801 313 2883 (ᾗ.
326 2798 360 2860 2:
375 2820 476 2882 genus
488 2798 654 2864 hominum
666 2807 802 2883 agreste,
816 2801 886 2863 siae
897 2798 1031 2885 lapibus,
1046 2800 1115 2863 sine
1129 2802 1254 2886 inperio
1265 2811 1343 2886 etc.;

183 2906 214 2982 ξ.
230 2901 266 2965 3:
290 2899 353 2965 clii
373 2898 438 2964 alio
453 2922 540 2964 more
554 2900 724 2988 viventes),
746 2901 875 2965 condita
898 2900 977 2965 urbe
1000 2902 1096 2965 etiam
1118 2924 1223 2967 mores
1245 2913 1344 2989 atque

182 3001 270 3086 leges
292 3022 362 3065 esse
392 3001 522 3066 condita
550 3002 796 3088 exprimendum
819 3004 968 3089 opinatus
991 3003 1046 3068 sit:
1074 3026 1157 3091 quae
1186 3007 1344 3071 sententia

183 3105 250 3190 jam
270 3105 352 3169 inest
374 3125 449 3169 cum
470 3104 504 3167 in
526 3106 589 3187 eis,
612 3125 694 3189 quae
719 3106 783 3184 §.2
805 3091 968 3189 leguntur:
996 3106 1202 3189 ,incredibile
1223 3129 1344 3172 memo-

183 3216 257 3270 ratu
286 3216 334 3271 est
360 3228 457 3292 quam
486 3205 579 3271 facile
609 3205 820 3289 coaluerint“,
850 3215 919 3270 tum
944 3210 978 3270 in
1004 3210 1128 3292 verbis,
1158 3210 1198 3275 dc
1225 3210 1343 3295 quibus

183 3309 267 3371 infra
289 3307 448 3372 dicemus:
478 3310 543 3383 „ita
572 3308 664 3373 brevi
684 3306 854 3372 multitudo
876 3309 1023 3395 dispersa
1044 3319 1140 3398 atque
1161 3333 1245 3397 vaga
1267 3336 1343 3377 coa·

184 3412 299 3475 cordio
320 3411 436 3475 civitas
447 3409 550 3494 facta
571 3415 673 3491 erat“;
706 3419 872 3493 praeterea
900 3433 1006 3476 mores
1032 3433 1071 3477 ao
1099 3411 1202 3497 leges,
1231 3413 1344 3478 funda-

184 3520 292 3575 menta
313 3511 463 3593 civitatis,
484 3512 590 3574 minus
608 3519 682 3594 apte
699 3513 953 3597 commemorari,
975 3515 1031 3579 ubi
1053 3514 1094 3580 de
1109 3517 1213 3580 auctis
1228 3515 1344 3602 opibus

184 3611 380 3696 reipublicae
402 3615 535 3696 agatur,
563 3612 766 3677 manifestum
797 3621 854 3679 est.
912 3615 1080 3682 Vocabulo
1105 3607 1287 3701 „moribust
1310 3620 1344 3683 in

184 3712 344 3779 nonnullis
365 3712 455 3778 libris
477 3713 652 3796 ascriptum
674 3736 744 3793 esse
766 3716 863 3780 etiam
885 3717 1047 3801 glossema
1070 3719 1234 3804 „legibus“
1252 3720 1343 3808 (Jug.

187 3816 236 3898 18,
252 3816 284 3878 2:
307 3837 411 3900 neque
432 3815 575 3878 moribus
596 3838 700 3902 neque
726 3816 797 3904 lege
818 3829 874 3884 aut
894 3820 1018 3907 inperio
1042 3823 1230 3909 cujusquam
1253 3846 1342 3910 rege-

38 4066 42 4073 .
155 4043 158 4047 ·
260 4023 283 4092 ¹)
304 4025 438 4091 ,Legibus
457 4024 589 4076 moribus“
611 4029 779 4083 membranae
799 4031 962 4096 Reginenscs
981 4035 1096 4082 testante
1116 4033 1231 4084 Wassio.
