2926 4492
710 70 749 133 57

152 295 257 359 neque
285 273 374 336 cinci
401 272 470 334 sine
498 277 553 334 tuo
581 271 725 355 periculo
747 277 955 357 possumusl:
986 294 1067 358 quae
1088 273 1307 340 Mithridatem

152 385 303 439 eventum
325 374 466 436 maxime
489 372 624 438 dubium
647 383 760 460 putare
781 373 917 457 indicat,
945 374 984 438 of.
1012 384 1179 460 praeterea
1200 380 1229 462 ξ.
1253 380 1307 444 16:

153 477 267 559 ,nobis
297 475 496 560 obpressis“;
530 480 559 556 g.
587 476 645 540 23:
677 499 760 559 „neu
788 475 881 539 malis
910 477 1052 560 pernicie
1082 487 1191 542 nostra
1219 489 1308 542 tuam

151 578 343 664 prolatare“.
388 575 509 641 Addita
537 598 575 640 ea
596 577 746 642 videntur
772 599 792 640 a
813 577 998 663 glossatore,
1029 581 1085 664 qui
1105 582 1212 647 verbis
1236 582 1308 664 „Ti-

150 681 261 766 granis
283 701 383 764 regno
402 716 438 726 -
454 678 688 762 prudentibusr
710 680 895 765 adjumenta
908 678 984 745 belli
999 686 1180 747 enumerari
1193 704 1308 768 parum

152 781 295 848 sollerter
322 781 528 866 significaret.
569 779 679 845 Verba
707 780 803 863 „belli
831 780 1064 866 prudentibus“
1093 786 1127 846 in
1150 784 1307 851 Vaticano

152 885 310 951 excidisse
331 890 420 970 patet
442 880 541 946 eade
564 903 677 963 causa,
702 882 790 967 quod
811 881 960 948 librarius
987 886 1185 953 avocabulo
1208 887 1309 971 ,11111-

150 988 256 1052 tibus“
279 986 321 1050 ad
343 983 592 1071 ,prudentibas“
617 982 719 1048 oculis
741 985 956 1055 aberraverat.
992 986 1113 1072 Restat,
1136 999 1172 1054 ut
1191 1012 1308 1076 propo-

151 1110 236 1171 nam,
259 1088 420 1173 quomodo
437 1084 631 1171 explicanda
653 1086 834 1152 existimem
849 1086 951 1153 verba
973 1088 1106 1174 „procul
1128 1092 1169 1157 ab
1189 1091 1306 1155 domo“

153 1199 185 1255 et
208 1212 284 1275 „per
306 1208 443 1274 corpora
464 1190 608 1252 nostra“:
630 1186 681 1251 his
703 1189 781 1252 mihi
796 1188 997 1255 Mithridates
1020 1191 1201 1276 significare
1221 1194 1309 1258 vide·

151 1303 214 1374 tur,
236 1291 405 1378 repudiata
426 1289 468 1354 ab
484 1289 605 1354 Arsace
627 1290 779 1356 societate
801 1292 891 1377 ipsos
911 1290 1060 1356 omnibus
1074 1294 1197 1360 viribus
1211 1305 1307 1382 atque

152 1392 268 1479 opibus
296 1393 338 1457 ad
358 1393 526 1457 victoriam
552 1400 756 1457 contenturos
785 1414 871 1475 esse,
898 1391 961 1456 illis
985 1393 1110 1458 Luculli
1132 1399 1307 1462 exercitum

153 1497 263 1582 -qui
286 1505 354 1561 tum
375 1496 409 1559 in
425 1493 597 1559 Corduena
619 1502 746 1559 erat-
769 1517 803 1558 se
825 1515 845 1556 a
866 1504 956 1579 tergo
978 1496 1253 1564 circumventuros
1275 1508 1307 1564 et

150 1598 377 1664 interclusuros
399 1620 469 1663 esse
492 1597 548 1684 (cf.
571 1603 600 1680 ἓ.
617 1599 684 1684 21).

235 1701 438 1765 Accedamus
460 1700 501 1764 ad
524 1699 657 1764 alterum
679 1698 795 1764 locum.
832 1700 997 1784 Leguntur
1018 1709 1050 1767 et
1070 1702 1157 1788 apud
1178 1703 1305 1769 Diome-

152 1803 223 1866 dem
239 1825 276 1886 p.
298 1803 361 1867 333
382 1810 414 1866 et
436 1803 529 1886 opud
550 1801 738 1868 Charisiano
754 1825 793 1886 p.
818 1803 878 1867 159
900 1801 996 1869 haec:
1020 1803 1140 1889 „Cujus
1161 1805 1304 1870 nomina·

151 1905 254 1967 tivum
275 1912 399 1969 veteres
421 1924 484 1966 non
499 1910 623 1967 tantum
645 1902 726 1966 alius
749 1903 910 1985 dixerunt,
932 1905 989 1976 sed
1011 1906 1106 1970 etiam
1128 1906 1197 1989 alis,
1220 1908 1305 1972 sicut

152 2013 186 2070 et
208 2004 377 2070 Sallustius
401 2003 504 2091 (apud
525 2002 717 2068 Diomedem
738 2003 885 2069 additum
907 2015 956 2070 est
985 2009 1106 2093 ,ait“):
1137 2009 1201 2072 aiis
1224 2009 1306 2074 aiibi

151 2117 271 2172 statues
294 2108 489 2188 ceciderant,
519 2128 625 2172 01111111
647 2117 755 2171 tamea
778 2107 927 2172 adversis
947 2106 1134 2173 vulneribus
1156 2113 1303 2176 concide-

150 2215 268 2292 raat“,·
299 2210 410 2274 eadem
440 2231 480 2275 ex
512 2209 609 2275 01101.
637 2219 707 2273 arte
735 2232 840 2295 pram.
871 2231 938 2274 1000.
962 2232 1000 2294 p.
1026 2211 1098 2292 561,
1132 2211 1189 2276 sed
1215 2213 1305 2277 deest

152 2313 415 2394 ‚‚coacideraat“,
444 2309 531 2398 quod
560 2309 710 2376 facillime
736 2311 885 2377 excidere
907 2313 1027 2398 potuit,
1057 2313 1132 2398 quia
1161 2314 1305 2400 sequitur

153 2417 399 2498 „convincitur-‘³
420 2414 559 2477 Etiamsi
587 2412 675 2497 apud
703 2415 931 2497 grammaticos
958 2415 992 2477 in
1014 2436 1078 2501 quo
1100 2413 1181 2480 libro
1203 2416 1305 2482 verba

150 2516 268 2580 fuerint
289 2517 411 2582 dictum
432 2535 496 2577 non
518 2515 569 2596 sit,
590 2522 697 2578 tamen
711 2515 895 2580 testimonia
914 2515 971 2579 illa
991 2514 1033 2580 ad
1050 2517 1119 2583 Cat.
1135 2519 1185 2601 61,
1201 2520 1221 2582 3
1235 2541 1305 2603 per-

150 2620 253 2682 tinere
274 2640 385 2683 omnes
400 2615 646 2682 hominesdocti
667 2617 885 2700 consentiunt3
908 2618 962 2704 qui
984 2615 1074 2682 locus
1095 2620 1129 2682 in
1142 2617 1304 2707 plerisque

151 2719 317 2784 codicibus
339 2721 385 2782 sic
406 2718 543 2785 traditus
565 2728 628 2785 est:
657 2719 777 2800 „Pauci
798 2728 915 2802 autem,
943 2741 1024 2805 quos
1044 2721 1167 2786 medios
1190 2721 1304 2788 cohors

151 2823 312 2907 praetoria
327 2821 507 2908 disjecerat,
522 2822 630 2907 paulo
645 2822 821 2904 diversius,
837 2822 893 2885 ced
908 2844 1016 2886 omnes
1031 2832 1138 2888 tamea
1154 2825 1305 2890 advorsis

151 2924 342 2989 cecineritis
372 2925 613 2989 conciderant.“
656 2921 802 2987 Primum
831 2923 1012 2988 Oharisium
1041 2933 1073 2990 et
1101 2926 1305 3010 Diomedem,

152 3029 246 3091 sicuti
275 3027 473 3112 saepissime,
504 3025 600 3089 etiam
628 3023 689 3088 hoc
715 3023 803 3106 loco,
829 3026 905 3111 quia
932 3027 1080 3092 omnibus
1109 3027 1176 3092 fere
1198 3029 1305 3096 verbis

150 3130 369 3211 consentiunt,
401 3149 443 3192 ex
471 3129 584 3192 eodem
611 3126 699 3190 fonte
729 3147 786 3189 sua
815 3125 959 3192 hausisse
988 3150 1046 3213 pro
1076 3137 1163 3193 certo
1193 3131 1304 3196 habeo.

152 3228 281 3294 Deinde
304 3240 336 3293 et
365 3251 419 3294 eos
442 3239 473 3294 et
494 3237 671 3311 auctorem,
702 3250 798 3315 quem
827 3229 929 3293 secuti
959 3238 1049 3312 sunt,
1081 3252 1185 3316 neque
1207 3233 1306 3298 verba

152 3331 232 3413 „alis
253 3330 332 3396 alibi
355 3336 495 3396 stantes“
517 3372 553 3380 —
573 3331 650 3417 quia
670 3329 775 3396 locum
800 3330 944 3397 Sallustii
965 3331 1007 3397 ad
1029 3332 1304 3418 comprobandum

152 3455 245 3497 usum
267 3434 389 3498 formae
412 3430 510 3516 „alis“
533 3431 728 3518 allegant-
752 3455 856 3520 neque
877 3444 952 3520 post
972 3434 1052 3500 haec
1071 3434 1170 3499 verba
1191 3456 1305 3499 vocem
1369 3478 1374 3483 -

153 3534 377 3616 „ceciderunt“
407 3535 607 3620 turpissime,
640 3555 713 3599 cum
744 3545 895 3622 sequatur
923 3536 1182 3619 ,conciderunt“,
1210 3538 1304 3602 inter·

150 3637 290 3722 positam
312 3639 393 3702 miro
417 3658 575 3704 consensu
595 3638 629 3700 in
643 3638 835 3703 testimoniis
858 3640 925 3703 suis
947 3639 1184 3725 conscripturos
1197 3640 1305 3723 fuisse,

151 3738 214 3802 nisi
236 3736 342 3802 locum
364 3739 425 3804 hoo
446 3740 541 3804 modo
564 3741 717 3826 seriptum
738 3741 904 3827 legissent,
930 3743 1137 3826 perspicuum
1160 3753 1217 3807 est.
1262 3742 1306 3806 At

152 3840 232 3923 „alis
254 3839 331 3904 alibi
354 3848 493 3908 1111111α
516 3866 580 3908 101
603 3865 676 3908 cum
692 3844 858 3929 Dietschio
882 3847 1012 3929 (comm.
1035 3867 1066 3930 p.
1087 3843 1141 3930 20)
1165 3845 1304 3908 inseren-

152 3940 229 4006 dum
252 3952 309 4024 est,
340 3945 395 4008 sed
418 3946 517 4011 verba
547 3944 608 4028 „al
636 3945 675 4011 al.
702 3955 739 4011 st.
766 3945 969 4011 ceciderunt“
1001 3948 1140 4032 speciem
1170 3967 1248 4032 prae
1270 3968 1303 4010 se

151 4044 260 4110 ferunt
280 4044 407 4130 glossae
429 4047 471 4112 ad
493 4047 803 4133 ,11110111011111ιι
826 4049 984 4135 ascriptae
1005 4048 1225 4135 aglossatora,
1249 4048 1304 4130 qui
