2926 4492
658 80 807 178 .,,.4ὲ’,,.

156 278 188 342 in
211 299 311 342 unum
334 278 438 342 coacti
459 279 532 349 sint,
568 279 611 343 Et
631 288 719 343 reete
733 276 938 364 Dieokius'p.
953 280 995 344 43
1017 279 1104 362 dicit,
1127 279 1314 345 Memmium

155 380 322 466 aptissime
350 380 398 444 uti
424 381 532 447 verbis
559 377 653 445 nullis
683 378 754 444 aliis
781 380 843 443 nisi
869 381 903 443 in
925 380 1042 467 quibus
1063 403 1186 465 sensus,
1213 392 1249 446 ut
1270 384 1315 447 ita

155 482 292 564 dicatur,
314 482 482 566 negativus
502 483 587 564 insit,
609 503 714 568 neque
736 481 888 547 adhibere
911 489 1069 568 „oupere“
1093 484 1226 549 verbum
1245 507 1314 549 sen·

96 635 98 639 -
155 607 210 651 sus
231 583 429 648 affirmativi:
452 605 526 646 nam
548 606 622 648 eum
643 583 802 648 illustrare
816 583 972 649 factiones
986 584 1153 667 nobilium,
1177 588 1314 673 quinon

73 726 76 733 ·
108 708 110 714 ·
156 709 207 752 res
234 707 336 752 novas
367 687 550 770 cupiebant,
579 686 636 751 sed
664 706 746 772 quae
773 694 841 750 tum
863 695 955 752 erant
975 687 1112 752 retinere
1135 696 1167 752 ot
1188 709 1314 753 conser-

155 809 232 854 vare
253 787 425 853 studebant
434 789 474 874 ¹);
498 797 609 853 eontra
625 786 797 853 Catilinam
819 786 861 852 ad
883 787 1008 854 sodales
1029 810 1184 854 novarum
1207 812 1315 855 rerum

156 889 383 976 cupidissimos
418 890 596 954 rectissime
632 890 739 955 dicere
773 890 879 973 ,idem
912 892 989 955 velle
1022 896 1103 956 otc.“
1163 890 1314 967 Ceterum

158 992 304 1075 ,odisse“
328 1013 401 1056 cum
423 993 523 1058 verbo
539 998 722 1075 „metuere“
745 993 910 1078 aptissime
925 993 1139 1078 conjungitur,
1162 995 1313 1078 quoniam

157 1103 261 1160 metus
292 1094 402 1158 odium
431 1094 516 1179 parit
543 1094 597 1178 (of.
624 1094 811 1180 Jug.11,8
843 1095 910 1176 „ira
939 1102 971 1159 et
999 1104 1086 1160 metu
1114 1096 1265 1181 anxius“)
1289 1098 1314 1182 ).

157 1196 266 1262 Verba
289 1197 421 1280 „eadem
444 1195 558 1282 (idem)
574 1201 712 1282 cupere“
728 1205 837 1261 autem
851 1205 888 1260 ut
901 1195 1084 1279 ascriberet,
1105 1196 1315 1284 interpolator

76 1284 82 1293 ’
156 1309 321 1386 permotus
343 1320 413 1363 esse
434 1298 561 1363 videtur
582 1300 689 1365 verbis
712 1304 741 1381 ξ.
757 1299 799 1363 23
822 1298 1000 1382 „dominari
1021 1297 1068 1360 illi
1089 1297 1220 1363 voluat“
1243 1309 1313 1382 eto,

157 1405 189 1484 §-
210 1401 249 1466 16
278 1399 340 1483 ,ud
368 1400 620 1464 dominationem
646 1401 806 1467 aceensi“.
835 1439 874 1450 -
903 1399 1061 1465 Neutrum
1089 1400 1242 1482 ,eadem“
1272 1403 1314 1466 ad

158 1501 304 1586 „odisse“
330 1511 362 1568 et
387 1507 571 1584 „metuere“
598 1501 660 1566 hoo
682 1502 752 1567 loeo
774 1501 928 1567 latissimo
950 1524 1047 1567 sensu
1067 1503 1108 1566 de
1131 1502 1313 1569 hominibus

97 1658 100 1663 .
157 1605 216 1692 (sc.
249 1603 290 1670 de
322 1602 431 1691 plebe)
465 1604 585 1669 dictum
617 1612 697 1689 puto
731 1605 816 1668 siout
848 1602 923 1688 Jug.
959 1604 1050 1687 13,6
1084 1606 1323 1690 (quaecunque¹

156 1707 291 1794 possint,
318 1701 490 1790 largiundo
518 1708 661 1792 parare);
690 1706 773 1772 Hist.
796 1704 822 1787 I,
838 1706 878 1771 69
901 1705 1031 1791 (Mauri,
1059 1728 1176 1771 vanum
1199 1730 1311 1792 genus,

156 1806 275 1873 utalia
297 1807 457 1894 Afiicae);
483 1807 559 1892 Jug.
585 1807 690 1886 14,16
713 1809 810 1893 (quae
834 1846 873 1856 -
895 1831 936 1872 ex
957 1809 1147 1873 necessariis
1175 1809 1314 1874 advorsa

154 1910 241 1976 facta
262 1912 367 1993 sunt);
388 1909 426 1976 cf.
451 1909 523 1977 Oat.
544 1911 631 1991 56,5
654 1909 809 1995 (servitia,
839 1912 991 1996 cujus-
1015 1932 1152 1996 magnae
1175 1913 1312 1997 copiae).

155 2013 251 2077 Hanc
287 2019 414 2099 quoque
450 2034 519 2076 esse
552 2032 683 2075 oausam
715 2011 885 2092 existimo,
918 2032 974 2075 our
1006 2013 1140 2096 „eadem
1174 2021 1312 2100 oupere“

154 2114 350 2202 ejiciendum
372 2115 424 2179 sit.

197 2217 340 2281 Transeo
361 2216 403 2282 ad
424 2216 560 2282 alterum
582 2215 700 2280 locum.
742 2216 821 2303 Jop.
836 2217 925 2299 49‚4
946 2217 1110 2280 Donatum
1133 2240 1195 2281 non
1221 2241 1312 2304 „eosn-

154 2321 325 2404 spieitur“,
358 2319 446 2406 quod
477 2319 551 2385 libri
580 2318 765 2385 Sallustiani
797 2317 916 2384 habent
946 2319 1207 2405 („oonspioitur“,
1241 2342 1311 2405 sup.

155 2435 217 2503 „o“
233 2424 292 2509 m),
319 2422 377 2487 sed
398 2422 476 2487 item
498 2434 534 2488 ut
554 2422 755 2486 Priscianum
778 2421 833 2505 (of.
856 2422 883 2502 I,
907 2445 939 2507 p.
960 2423 1038 2507 436)
1061 2425 1310 2507 ‚‚eoarpieatur“

153 2524 188 2588 in
218 2546 276 2589 suo
302 2525 385 2591 libro
414 2524 531 2611 legisse
561 2532 664 2610 patet3
698 2523 738 2587 de
766 2523 926 2608 scriptura
954 2524 1184 2608 „,di9redieos“
1214 2525 1310 2610 (quae

153 2626 251 2689 etiam
283 2626 319 2689 in
356 2625 464 2691 multis
494 2625 637 2692 Sallustii
668 2624 758 2699 libris
787 2625 947 2689 invenitur
975 2645 1034 2709 pro
1064 2646 1141 2690 vera
1174 2623 1311 2690 lectione

154 2728 403 2813 „depredieaa“)
431 2728 498 2792 fere
527 2727 613 2792 idem
636 2726 807 2792 dicendum
830 2734 887 2809 est,
917 2726 1003 2813 quod
1021 2741 1123 2812 'supra
1145 2726 1185 2790 de
1209 2728 1311 2810 „aoei-

152 2828 248 2893 dam“
273 2829 328 2915 (of.
350 2829 446 2895 Arus.
468 2852 500 2915 p.
522 2831 586 2895 464
607 2828 649 2894 ad
669 2828 745 2914 Jug.
761 2830 813 2911 50,
831 2827 879 2915 1);
903 2831 1051 2912 „iotera“
1074 2838 1180 2894 autem
1204 2816 1309 2894 utrum

153 2932 302 2997 Donatus
328 2933 362 2996 in
390 2953 448 2996 suo
477 2931 559 2997 libro
590 2929 705 3016 legerit
733 2951 775 2994 an
806 2930 1022 3016 negligentius
1050 2952 1110 3015 pro
1141 2933 1307 3016 ,terreant

152 3035 325 3120 scripserit,
347 3035 381 3098 in
403 3032 508 3098 medio
523 3032 747 3119 reliquendum
766 3043 830 3097 est:
854 3031 1025 3097 Sallustius
1039 3054 1200 3118 nusquam
1217 3056 1310 3118 ⁷,cum

151 3138 304 3219 interea“,
327 3136 385 3201 sed
406 3135 527 3223 ubique
549 3156 642 3218 „cum
665 3137 812 3199 interim“
836 3134 920 3198 dixit
936 3133 990 3217 (cf.
1006 3134 1082 3217 Jug.
1101 3136 1149 3216 12,
1165 3137 1200 3215 i),
1225 3136 1308 3200 Hist.

152 3239 180 3321 I,
202 3238 325 3320 41,17;
354 3234 523 3320 11,41‚'7;
556 3238 607 3319 96,
623 3239 657 3319 23
690 3237 750 3319 III,
774 3237 825 3318 61,
840 3237 873 3319 o,
906 3235 964 3316 IV,
983 3237 1039 3316 153
1073 3234 1172 3299 Fabri
1193 3234 1235 3299 ad
1257 3259 1308 3321 ep.

151 3342 266 3426 Pomp.
289 3342 323 3423 23
353 3341 431 3426 Jug.
453 3341 504 3422 21,
520 3341 565 3425 2).
611 3338 867 3423 ,conspicaturo
897 3337 997 3421 igitur
1023 3337 1088 3402 fere
1111 3359 1221 3402 omnes
1243 3338 1309 3402 edi-

152 3453 237 3508 tores
250 3445 285 3508 in
300 3451 424 3509 textum
440 3448 638 3527 receperunt.
672 3438 769 3519 Quod
784 3442 812 3504 si
826 3439 1095 3526 significationem
1109 3440 1307 3524 passivam³)

150 3544 274 3612 habere¹
291 3555 452 3632 putamus,
473 3544 616 3607 maxima
637 3541 809 3608 difficultas
824 3542 925 3606 oritur
938 3543 980 3607 ab
995 3543 1051 3624 eis',
1074 3562 1156 3627 quae
1172 3564 1308 3628 sequun-

225 3690 303 3758 1)1)ε
324 3692 404 3759 plebe
419 3688 568 3754 Ostiam
589 3688 656 3739 dioit
675 3688 818 3740 Sallustius
839 3687 1052 3749 „veteratoriae
1071 3703 1141 3739 nova
1155 3693 1308 3755 exoptant“.

225 3782 251 3848 ²)
271 3783 357 3834 Metus
378 3786 404 3833 et
424 3781 518 3847 cupido
539 3780 608 3830 Hist.
628 3779 651 3845 I,
671 3779 780 3846 48,11;
799 3781 865 3844 Jug.
886 3779 928 3842 ⁷0,
942 3779 972 3844 53
992 3778 1065 3841 2126
1082 3781 1239 3847 junguntur,
1259 3781 1307 3832 sed
1376 3830 1378 3835 ,
1420 3789 1421 3792 ’

115 3872 119 3877 ’
151 3877 190 3927 ibi
209 3875 276 3927 talia
294 3881 364 3938 sunt,
385 3889 454 3940 quaa
469 3874 497 3923 in
517 3872 650 3922 contraris
669 3873 786 3922 animum
806 3875 912 3923 vocent.

224 3967 250 4034 ⁸)
268 3967 347 4034 Apud
362 3965 516 4018 Sallustium
535 3963 642 4030 saepius
663 3962 825 4029 deponentia
844 3963 951 4027 passiva
971 3963 996 4012 vi
1015 3961 1152 4027 leguntur3
1172 3962 1251 4011 Fabri
1271 3963 1306 4011 ad

151 4058 211 4111 (lat.
233 4058 257 4122 7,
269 4060 293 4111 3.

1083 4137 1110 4194 32
