2926 4492
706 94 793 189 97„

152 304 250 378 erant,
272 302 389 377 tamen,
406 297 483 381 quia
496 298 610 360 mortis
625 305 708 359 metu
724 296 948 375 mutabantur,
963 295 1055 357 sicuti
1070 296 1139 379 regi
1153 294 1311 379 lubuerat,

150 418 217 483 pax
240 397 410 461 convenit“
435 400 508 481 (pro
533 396 779 481 „mutabantur‘
802 399 836 460 in
858 395 1077 481 compluribus
1100 395 1312 473 deterioribus

151 500 259 564 variae
280 498 407 583 glossae
431 499 531 585 sunt).
575 500 625 562 Ea
646 500 778 564 retineri
799 520 865 562 non
887 508 1032 584 possunt.
1075 497 1158 562 Nam
1175 522 1257 586 quae
1280 503 1313 564 in

151 601 207 667 illa
237 602 394 687 scriptura
423 610 597 686 usurpatur
626 603 820 687 significatio
842 600 935 666 verbi
965 611 1129 683 „mutares
1154 639 1190 649 -
1218 624 1314 685 „nan-

153 705 251 768 cisci“
268 703 320 769 vel
338 704 540 788 „consequi“‚
559 726 618 768 nos
637 708 810 790 statutam
825 741 864 752 —
880 703 966 789 apud
983 702 1170 768 Sallustium
1186 702 1313 767 duobus

153 815 276 870 tantum
305 804 383 870 locis
411 805 585 869 invenitur:
615 808 691 893 lug.
714 809 765 890 85,
784 809 824 871 10
851 808 964 892 („num
992 805 1025 868 id
1055 806 1172 869 mutari
1200 804 1314 871 melius

153 911 247 997 sit“);
276 908 375 991 83,1:
402 909 437 971 in
462 908 523 973 hoc
552 909 702 994 exemplo
730 908 774 992 id,
801 907 886 996 quod
917 909 1051 972 missum
1080 907 1117 972 fit
1136 907 1187 972 vel
1210 907 1313 990 datur,

152 1035 210 1098 per
236 1012 506 1096 praepositionem
538 1017 648 1096 „pro“‚
677 1012 711 1074 in
738 1010 792 1074 illo
823 1012 953 1074 omnino
981 1031 1045 1072 non
1074 1008 1220 1074 additum
1248 1020 1313 1094 est;

151 1112 284 1178 ablativi
313 1112 436 1177 nullum
465 1112 648 1197 exemplum
677 1122 792 1180 exstat.
845 1112 948 1176 Immo
978 1112 1098 1197 ubique
1127 1112 1215 1198 apud
1244 1111 1314 1177 Sal·

150 1214 282 1279 lustium
297 1216 332 1278 in
347 1214 447 1280 verbo
465 1224 626 1295 „mutares
644 1236 717 1278 cum
733 1216 919 1279 accusativo
936 1223 968 1279 et
982 1213 1124 1279 ablativo
1141 1216 1256 1299 juncto
1274 1251 1311 1263 -

152 1319 219 1382 sive
242 1318 282 1383 de
302 1319 538 1403 permutatione
566 1318 723 1381 mercium
753 1319 819 1381 sive
842 1316 1008 1380 derorum
1031 1337 1070 1378 ac
1093 1315 1312 1380 conditionum

152 1421 328 1484 mutatione
360 1421 541 1484 dicitur-
564 1419 755 1505 significatio
787 1420 938 1503 „missum
967 1418 1091 1481 facere“
1116 1415 1167 1481 vel
1196 1418 1313 1493 „dare“

152 1523 236 1586 inest
249 1532 346 1606 atque
360 1524 566 1587 accusativus
580 1522 625 1604 id,
648 1521 735 1606 quod
750 1520 843 1585 datur
857 1521 910 1584 vel
931 1522 1062 1584 missum
1085 1520 1130 1601 fit,
1154 1518 1314 1584 ablativus

151 1646 230 1707 rem,
246 1647 329 1710 quae
344 1626 511 1709 accipitur,
527 1626 689 1710 exprimit.
726 1623 912 1689 Dietschius
932 1624 1030 1708 igitur
1046 1622 1177 1703 „mortis
1192 1632 1313 1686 metum

146 1725 384 1792 intuebuntur“
409 1728 547 1813 scripsit,
571 1735 604 1791 at
625 1726 690 1789 dici
711 1727 817 1811 potuit
840 1726 879 1791 de
895 1726 1048 1789 Romanis
1070 1723 1154 1787 ferro
1177 1733 1208 1786 et
1228 1724 1314 1790 fame

152 1826 269 1892 clausis
294 1838 448 1912 „mortem
470 1829 708 1908 intuebantur“,
731 1828 787 1892 sed
808 1826 895 1891 nullo
918 1838 1013 1913 pacto
1038 1827 1168 1910 „mortis
1191 1836 1312 1891 metum

152 1930 388 1992 intuebantur“.
430 1927 485 2009 Id,
519 1929 605 2013 quod
626 1929 788 1992 Jordanus
822 1929 896 1992 olim
925 1930 1071 2014 conjecit,
1104 1928 1312 2010 ‚,nutabant“,

153 2031 329 2095 sententiae
351 2050 415 2092 non
438 2028 567 2109 sufficit,
588 2031 696 2115 potius
723 2029 894 2093 dicendum
921 2040 998 2109 erat,
1020 2030 1183 2094 Romanos
1202 2031 1313 2096 mortis

152 2142 241 2197 metu
262 2131 419 2215 impulsos
435 2153 514 2214 esse,
537 2141 572 2196 ut
586 2154 702 2216 graves
718 2153 756 2194 ac
770 2140 880 2213 turpes
896 2129 1096 2193 conditiones
1118 2132 1311 2214 acciperent.

154 2232 301 2299 Gehlenii
324 2235 542 2319 conjecturam
566 2235 817 2316 „merimannus
841 2229 937 2295 simili
958 2230 1029 2294 loco
1054 2230 1123 2294 Ost.
1139 2234 1227 2313 31,2
1247 2255 1313 2298 non

153 2336 388 2418 commendari,
420 2338 477 2399 sed
507 2337 639 2401 refutari
669 2338 850 2401 Eussnerus
885 2336 1019 2420 (usitat.
1048 2335 1151 2419 &ellat
1179 2356 1212 2419 p.
1237 2334 1311 2421 192)

154 2437 300 2502 ostendit.
359 2437 441 2502 Oum
475 2439 546 2521 ipso
576 2462 593 2502 e
623 2440 736 2502 Tacito
766 2436 938 2503 emendare
970 2436 1101 2517 „mortis
1131 2444 1218 2499 metu
1250 2437 1311 2501 huc

151 2539 377 2603 mutabantur“
395 2539 505 2603 dubito
516 2541 552 2622 ¹),
577 2543 723 2626 quamvis
747 2540 886 2603 maxime
910 2539 1051 2601 omnium
1075 2560 1113 2601 ea
1129 2539 1313 2623 conjectura

150 2639 285 2725 placeat.
314 2640 390 2725 lpse
406 2638 481 2703 olim
496 2644 620 2706 tentavi
636 2644 732 2728 „quia
746 2641 857 2706 mortis
872 2650 974 2704 metus
988 2643 1056 2704 nita
1072 2638 1137 2725 (vel
1155 2639 1311 2727 „salute“)

150 2743 357 2806 mutabatur“
383 2742 438 2829 (cf.
454 2744 504 2825 39,
523 2747 557 2827 13
580 2745 629 2821 67,
646 2745 691 2829 3).
736 2743 801 2808 Sed
824 2764 1010 2829 quanquam
1028 2742 1227 2806 Priscianum
1242 2766 1311 2807 ver-

149 2843 228 2908 bum
258 2848 421 2927 „mutare“
445 2884 487 2894 —-
510 2847 606 2931 „quia
634 2847 746 2911 mortis
775 2850 880 2910 metm
914 2866 957 2908 an
984 2845 1081 2931 „quia
1106 2868 1171 2930 pro
1199 2847 1311 2924 mortis

150 2955 238 3010 metu
260 2947 507 3011 mutabantur“?
528 2989 569 2997 -
591 2948 652 3012 hoc
675 2948 746 3012 loco
767 2947 884 3032 legisse
906 2949 983 3012 satis
1006 2957 1152 3013 constare
1173 2947 1310 3030 videtur,
1353 2956 1358 2965 “

149 3057 259 3113 tamen
280 3048 495 3134 reputandum
519 3053 588 3132 erit,
610 3074 716 3115 nonne
738 3073 797 3137 pro
818 3073 856 3115 eo
879 3049 966 3114 aliud
988 3049 1123 3114 verbum
1140 3048 1311 3115 Sallustius

150 3152 316 3236 scripserit
330 3161 362 3217 et
379 3153 556 3237 antiquitus
578 3153 629 3217 hic
650 3152 740 3217 locus
763 3161 931 3237 corruptus
954 3152 1004 3215 sit.
1048 3151 1198 3215 Fortasse
1219 3154 1311 3217 resti·

150 3250 305 3315 tuendum
329 3263 378 3318 est
406 3254 469 3319 tale
492 3254 585 3341 quid:
616 3256 710 3340 „quia
739 3255 850 3319 mortis
878 3262 965 3318 metu
995 3253 1229 3338 αφὶιαόοιηίαν(ι
1254 3254 1310 3340 (cf.
1362 3248 1365 3253 ’

149 3353 180 3417 J.
203 3355 254 3435 25,
270 3356 304 3436 63
327 3356 406 3420 Tac.
429 3357 507 3442 Agr,
531 3359 584 3444 16)
607 3367 663 3421 aut
685 3358 781 3442 „quia
802 3357 914 3420 mortis
935 3366 1035 3419 metus
1056 3356 1307 3420 moderabatur“

150 3455 206 3538 (cf.
229 3456 258 3525 J.
276 3457 374 3539 73,4:
396 3461 429 3521 in
451 3471 588 3546 utroque
610 3460 713 3544 magis
736 3458 843 3523 studia
865 3459 1002 3542 partium
1027 3478 1123 3542 quam
1146 3457 1233 3521 bona
1255 3467 1310 3523 aut

150 3555 234 3620 mala
255 3582 315 3622 sua
337 3560 517 3642 moderata;
541 3562 577 3626 (l.
592 3563 644 3643 51,
660 3564 727 3647 25).
746 3601 782 3609 -
800 3561 1027 3626 Dubitaverim
1042 3581 1084 3622 an
1100 3560 1195 3623 etiam
1211 3560 1244 3622 in
1260 3560 1309 3624 his

149 3659 339 3724 testimoniis
364 3661 546 3748 complures
568 3661 631 3726 loci
655 3662 839 3728 Sallustiani
861 3685 881 3726 a
897 3663 1063 3727 Prisciano
1086 3661 1208 3726 confusi
1230 3663 1308 3728 sint:

226 3887 246 3949 ¹)
268 3887 300 3936 In
320 3889 361 3939 his
381 3891 503 3940 omnibns
524 3889 756 3941 emendationibus
776 3892 848 3957 quod
869 3892 902 3953 ei,
926 3892 1017 3956 quiin
1038 3892 1225 3941 enunciations
1246 3906 1307 3941 cau-

150 3977 201 4028 sali
222 3980 302 4044 „quia
322 3985 390 4031 eto.“
411 3981 561 4045 subjectum
581 3989 643 4033 sunt
662 3980 810 4049 (Romani),
836 3985 902 4033 satis
928 3982 1020 4048 procul
1040 3983 1076 4045 (ξ.
1098 3980 1126 4048 7)
1147 3997 1306 4033 commemo·

149 4077 248 4135 rantur,
268 4071 409 4123 offensioni
429 4089 487 4125 esse
508 4075 610 4139 nequit.
649 4074 689 4123 cf.
711 4089 751 4135 ea,
771 4090 840 4139 quae
860 4089 940 4140 supra
959 4074 1043 4124 attuli.

1073 4159 1091 4218 l
