2926 4492
710 92 746 154 21

152 293 284 379 „Spes“,
312 292 389 377 quia
415 310 480 355 vox
509 289 613 354 media
642 300 699 373 est,
729 293 823 356 etiam
852 293 886 355 in
915 291 1031 355 malam
1053 300 1175 376 partem
1197 294 1301 378 accipi

149 403 256 480 potest
278 392 364 479 (Cat.
387 393 509 475 20,13;
531 392 605 476 Jug.
629 394 730 474 88,1;
760 416 811 478 ep.
835 394 947 478 Pomp.
970 396 1004 477 2)
1028 405 1059 459 et
1081 416 1177 478 saepe
1198 394 1303 480 adjec-

148 499 251 561 tivum
275 494 417 578 „bonus“
441 495 574 557 assumit
597 494 650 579 (cf.
673 493 772 557 Fabri
795 494 1020 582 01112813),
1042 496 1099 559 sed
1121 517 1194 560 cum
1215 497 1303 582 apud
1333 572 1338 580 Ι
1431 495 1437 504 '

150 597 336 664 Sallustium
357 604 480 660 tantum
505 616 597 679 „spes
619 594 734 680 bona“,
756 618 915 682 nusquam
939 598 1041 679 „bona
1063 603 1156 683 spes“
1179 597 1304 682 legatur

148 701 239 784 (Jug.
266 698 335 780 113,
349 700 385 780 2,
409 719 453 769 01,
476 697 579 760 Macri
599 698 633 779 4,
658 697 697 767 cf.
721 698 858 779 (10121,
877 699 919 783 1),
943 698 1109 764 collocatio
1131 701 1303 764 verborum

151 802 272 885 „bonae
294 799 384 884 spei“
408 798 579 862 correctori
600 798 770 865 tribuenda
791 801 926 882 videtur,
949 804 1004 886 qui
1026 824 1106 882 eam,
1129 802 1215 887 quod
1237 823 1304 866 vox

150 902 309 967 contraria
330 896 593 974 ‚‚sollicitudinis“
615 902 786 984 antecedit,
808 904 1022 968 necessariam
1044 925 1114 968 csse
1133 904 1303 986 putaverit,

152 1003 304 1087 ,1111111111α
327 1001 545 1066 intercessisse
566 1000 751 1087 neglexerit.

233 1103 418 1168 Admodum
447 1104 563 1166 mirum
589 1113 647 1186 est,
675 1105 762 1190 apud
785 1106 980 1170 Frontonem
998 1130 1034 1191 p.
1059 1107 1119 1170 109
1145 1117 1209 1171 tres
1234 1105 1304 1170 illos

149 1208 237 1272 locos
258 1206 332 1290 legi,
355 1204 472 1290 quibus
489 1204 658 1270 Sallustius
682 1208 844 1291 „patiens“
866 1230 938 1271 cum
954 1209 1103 1293 genetivo
1120 1207 1304 1294 (singularis

149 1309 201 1375 vel
226 1306 372 1394 pluralis)
398 1305 547 1371 vocabuli
578 1306 707 1390 „labora
737 1310 912 1395 conjungit,
942 1317 974 1372 et
995 1331 1093 1373 unum
1115 1318 1238 1374 tantum
1259 1312 1305 1375 ita

150 1421 186 1476 ut
207 1413 241 1474 in
257 1408 400 1474 Sallustii
421 1408 587 1473 codicibus
605 1410 766 1495 („patiens
781 1409 925 1475 laborum
937 1413 974 1496 1),
997 1412 1063 1474 acri
1078 1413 1207 1496 ingenio
1223 1416 1302 1477 etc.“

151 1543 194 1570 =
207 1513 285 1598 Jup.
301 1512 352 1593 28,
368 1511 413 1597 5),
436 1510 517 1575 duos
539 1520 662 1576 mutato
685 1533 833 1577 numero:
856 1534 977 1596 „genus
999 1511 1166 1603 hominum
1186 1512 1306 1577 salubri

151 1637 284 1701 corpore
310 1612 406 1677 velox
428 1614 563 1696 patiens
590 1613 713 1679 1050111
740 1637 798 1678 occ
824 1611 994 1700 plerosque
1022 1606 1170 1679 senectus
1194 1614 1305 1679 dissol-

150 1718 300 1784 111101οόι
324 1717 416 1802 (Jop.
443 1716 491 1796 17,
506 1714 541 1777 6:
564 1717 697 1799 potiens
719 1715 886 1780 laborum:
907 1716 1079 1801 plerosque
1102 1739 1167 1781 sen.
1191 1717 1303 1803 diss.);

153 1840 275 1904 „neque
306 1814 441 1902 periculi
469 1837 573 1900 neque
601 1816 751 1893 laborum
779 1818 926 1901 patiens“
957 1817 1049 1903 (Jup.
1077 1819 1168 1899 44,1
1199 1840 1304 1903 neque
1356 1823 1387 1867 -’

150 1918 285 2006 periculi
306 1939 410 2003 neque
432 1916 554 1982 laboris
575 1918 724 2002 patiens).
766 1917 819 1980 De
840 1916 901 1981 hac
922 1941 957 1983 rc
978 1957 1020 1968 -
1042 1917 1165 1983 collatis
1186 1919 1304 2002 verbis,

152 2044 233 2107 quae
260 2020 347 2106 apud
377 2019 590 2102 Augustinum
620 2019 711 2104 epist.
743 2019 870 2100 137,14
898 2020 931 2082 in
960 2029 1084 2086 textum
1110 2022 1306 2107 irrepserunt

153 2125 270 2210 (‚‚quae
299 2121 362 2186 sibi
392 2120 526 2206 quisque
554 2119 661 2184 facilia
689 2143 756 2184 11011
784 2121 871 2186 factu
902 2123 959 2186 sed
986 2133 1086 2208 coptu
1115 2126 1241 2209 putat“)
1266 2162 1296 2171 —

150 2224 229 2288 nihil
256 2223 344 2288 aliud
372 2223 488 2309 conjici
515 2243 609 2307 posse
638 2221 788 2287 existimo
818 2244 914 2308 quam
943 2223 975 2285 in
1003 2225 1135 2309 antiquo
1163 2223 1306 2289 Sallustii

151 2325 328 2411 exemplari
356 2333 528 2409 utrumque
555 2324 662 2388 locum
690 2345 763 2388 cum
788 2324 888 2389 altero
912 2335 1140 2410 comparatum,
1170 2326 1305 2389 alterum

152 2427 240 2493 alteri
272 2429 525 2512 superscriptum
556 2427 670 2489 fuisse:
704 2425 779 2491 inde
812 2428 1076 2491 commutationes
1109 2429 1236 2491 numeri
1267 2448 1307 2490 ac

150 2531 264 2594 vitium
295 2533 392 2611 „nec“
423 2536 496 2591 ante
522 2525 623 2591 verba
644 2524 834 2611 „plerosque
856 2534 936 2591 0111.α
960 2528 1169 2594 emanavisse.
1213 2528 1307 2595 Oorte

150 2631 225 2715 Jug.
240 2630 326 2710 44,1
349 2628 443 2692 lectio
474 2649 598 2714 „neque
619 2627 754 2712 periculi
775 2650 879 2713 neque
901 2628 1024 2693 loboris
1046 2631 1190 2715 patiens“
1214 2652 1304 2716 prae·

150 2730 282 2798 ferenda
311 2740 360 2795 est
386 2753 459 2795 cum
480 2740 613 2816 propter
633 2751 763 2794 sensum
786 2728 956 2814 singularis
978 2734 1104 2795 numeri
1125 2732 1159 2795 in
1180 2735 1306 2797 univer·

152 2856 223 2898 sum
244 2834 351 2917 'magis
379 2833 537 2918 latiusque
563 2840 725 2917 patentem
751 2854 874 2918 —quo
902 2834 1043 2918 gravitas
1065 2835 1207 2918 negativi
1228 2835 1307 2900 dicti

151 2946 286 3021 augetur
307 2936 475 3020 magisque
497 2933 615 2998 laboris
638 2955 715 2997 usus
736 2956 775 2998 ac
797 2935 995 3001 consuetudo
1017 2936 1058 3000 ab
1082 2937 1226 3001 exercitu
1241 2938 1306 3002 exi·

151 3038 256 3124 genda
278 3039 500 3123 significantur
521 3035 577 3120 (of.
601 3035 671 3100 (iat.
695 3036 724 3117 7,
740 3037 775 3118 5,
802 3035 878 3121 Jug.
904 3037 973 3119 100,
988 3039 1026 3119 4,
1056 3059 1100 3102 or.
1123 3037 1227 3101 Macri
1252 3039 1304 3122 18)

153 3176 190 3187 -
213 3149 281 3203 turn
311 3147 443 3225 propter
468 3138 715 3202 concinnitatem
743 3139 878 3220 numeri,
906 3159 1003 3222 quam
1025 3139 1058 3199 in
1081 3139 1306 3222 conjunctione

136 3241 380 3306 'vocabulorum
405 3239 621 3324 „periculumss
645 3249 677 3305 et
699 3239 829 3323 „lab0s“
846 3237 1016 3304 Sallustius
1031 3238 1151 3323 ubique
1167 3241 1307 3305 servavit

153 3342 322 3429 (singulari
351 3363 485 3405 numero
512 3343 608 3407 ambo
637 3351 791 3428 usurpata
818 3350 958 3407 suntor.
981 3341 1082 3405 Macri
1108 3342 1161 3423 183
1191 3340 1307 3426 plurali

152 3468 202 3531 ep.
225 3447 337 3531 Pomp.
362 3446 394 3525 13
416 3443 492 3528 Jug.
509 3445 560 3525 85,
576 3445 609 3525 7,
632 3445 682 3525 85,
699 3445 755 3524 30,
779 3442 848 3508 Cat.
867 3445 914 3525 10,
930 3445 965 3529 2)
988 3445 1012 3529 ).
1037 3483 1068 3491 —
1097 3444 1149 3506 Dc
1171 3442 1306 3508 lectione

173 3607 281 3614 ...ψ-ω
290 3608 367 3613 ..η-κ.-
374 3607 436 3612 ..-ω
444 3608 459 3612 .-

227 3697 249 3758 ¹)
270 3696 360 3747 Verba
379 3698 521 3748 Frontonis
541 3698 612 3763 apud
632 3699 800 3750 Dietschium
820 3704 847 3748 et
865 3697 1021 3759 Jordanum,
1042 3699 1087 3762 qui
1108 3698 1239 3758 „laborist
1261 3718 1305 3750 ex-

154 3770 255 3847 hibent,
275 3787 421 3839 secundum
441 3788 586 3839 editionem
606 3789 704 3839 Naberi
725 3790 884 3854 corrigenda
903 3796 972 3840 sunt.

227 3877 250 3940 ²)
272 3877 396 3929 Ceterum
416 3879 571 3931 Sallustium
592 3881 698 3930 omnino
720 3881 892 3932 concinnitati
912 3883 1016 3930 numeri
1036 3881 1146 3931 duorum
1166 3881 1305 3933 verborum

153 3970 235 4020 artius
264 3971 463 4036 conjunctorum
489 3972 623 4022 studuisse
650 3975 763 4023 maxime
790 3975 870 4023 etiam
897 3971 1048 4037 complures
1075 3973 1126 4021 loci
1155 3971 1306 4033 ostendunt,

154 4062 251 4126 quibus
271 4061 306 4111 ad
326 4061 496 4112 efficiendam
524 4063 732 4115 concinnitatem
753 4065 948 4116 substantivum
968 4065 1134 4115 abstractum
1149 4063 1319 4112 'tuscianum
