2926 4492
696 51 738 115 58

147 276 185 319 ea
206 255 305 321 verba
327 251 458 339 (‚‚paulo
481 252 640 318 diversius
654 283 696 309 =
712 259 801 322 rimae
829 257 988 338 arderatus
1016 253 1135 335 tributii)
1158 267 1217 319 ooo
1240 256 1303 320 buu

148 360 254 442 pinse„
285 359 399 440 melden
426 359 459 440 sir
488 358 527 422 im
549 358 672 441 §tombis
700 359 913 439 etnnenomneo
940 358 1057 437 tarrac
1088 349 1201 438 Fabri)
1230 375 1304 438 per-

147 479 258 543 peram
286 459 512 542 interpretatus
541 457 591 521 sit.
635 455 820 521 Dietschius
848 454 891 520 ad
917 456 1105 520 sententiam
1135 476 1238 538 suam,
1267 465 1306 520 ut

147 560 246 625 verba
278 557 356 640 „alis
389 558 467 624 alibi
498 565 637 624 stantes“
673 558 707 620 in
741 556 816 623 Sall.
848 557 938 624 libris
971 556 1132 622 excidisse
1164 567 1306 640 censeat,

148 663 288 725 maxime
310 681 348 725 eo
379 660 538 726 adductus
561 684 631 727 esse
652 660 789 742 videtin,
818 659 906 745 quod
931 658 1142 744 glossatorem
1169 662 1305 746 antiqua

148 770 180 827 et
202 762 345 829 obsoleta
365 763 468 828 forma
491 762 595 846 „olis“
618 785 712 828 usum
735 778 815 844 esse,
836 783 901 826 non
915 760 1108 826 verisimile
1130 761 1304 827 existimat.

149 864 214 930 Sed
232 903 267 912 —
285 876 320 931 ut
338 864 399 930 hoc
422 865 689 931 concedamus-
706 886 812 931 nonne
834 864 966 950 cogitari
988 873 1104 950 potest,
1125 865 1160 928 in
1181 886 1219 929 eo
1236 865 1305 930 Sal-

147 967 235 1032 lustii
257 968 450 1052 exemplari,
481 988 545 1053 quo
573 968 802 1052 grammaticus
830 964 898 1048 ille,
926 988 968 1029 ex
997 987 1068 1052 quo·
1085 964 1250 1031 Charisius
1272 976 1306 1032 et

149 1068 326 1134 Diomedes
348 1092 408 1136 sua
421 1069 605 1150 hauserunt,
626 1091 703 1136 usus
719 1078 776 1151 est,
799 1066 965 1132 librarium
988 1068 1090 1149 „altu
1106 1066 1189 1133 male
1204 1069 1306 1154 scrip·
1387 1107 1391 1114 -

150 1171 231 1234 sisse
252 1179 285 1234 et
304 1173 551 1256 grammaticum
576 1169 666 1235 illum
687 1172 891 1257 antiquarum
913 1169 1090 1234 formarum
1112 1169 1307 1235 studiosissi-

150 1293 238 1336 mum
261 1273 366 1355 „ulis“
382 1296 453 1338 esse
468 1274 623 1360 scriptum
638 1273 792 1360 putasse‘?
829 1271 979 1338 Glossam
1002 1270 1077 1355 „alii
1092 1270 1170 1337 alibi
1183 1281 1307 1338 stantes

150 1375 352 1441 ceciderunt“
382 1399 424 1441 ex
453 1378 514 1460 eis,
544 1399 627 1463 quae
656 1374 753 1462 paulo
781 1383 855 1440 ante
886 1375 952 1461 (60,
975 1375 1010 1460 5)
1025 1377 1051 1460 ¹)
1081 1374 1241 1460 leguntur,
1274 1383 1309 1440 et

149 1475 248 1541 verbo
271 1476 515 1560 „conciderant“
529 1475 681 1542 ,conflare
702 1475 892 1541 facillimum
913 1483 998 1540 erat:
1028 1475 1148 1541 similes
1177 1475 1307 1561 glossae

150 1577 211 1641 hoc
240 1577 310 1641 loeo
337 1580 371 1642 in
399 1579 559 1643 nonnullis
588 1579 720 1644 secundi
749 1579 877 1664 generis
899 1578 1064 1643 codicibus
1086 1580 1307 1663 reperiuntur3

150 1678 201 1745 his
231 1680 337 1745 verbis
365 1682 400 1743 in
425 1689 550 1745 textum
578 1682 717 1766 receptis
746 1681 937 1767 particulam
967 1680 1064 1765 „sed“
1093 1681 1252 1746 excidisse
1274 1691 1308 1747 et

152 1779 404 1863 „concideroot“
429 1783 464 1846 in
486 1782 739 1865 „conciderant“
763 1783 975 1870 depravatum
997 1804 1067 1849 esse
1090 1791 1179 1869 puto.

232 1883 272 1946 In
293 1885 479 1969 quaestione
500 1884 540 1948 de
562 1886 753 1950 testimoniis
775 1887 875 1954 Serrli
897 1886 972 1972 (Ed.
994 1885 1036 1949 H.
1059 1886 1099 1949 A.
1114 1885 1205 1967 Lion,
1229 1884 1309 1950 Got-

151 1984 230 2068 ting.
249 1985 339 2050 1826.
383 1986 488 2051 Servii
501 1988 703 2071 grammatici
718 1989 773 2073 qui
792 1988 939 2053 feruntur
958 1989 992 2051 in
1006 1986 1143 2072 Vergilii
1163 1987 1310 2053 carmina

151 2088 379 2152 commentarii.
430 2089 673 2154 Rcccnsuerunt
700 2092 740 2155 G.
762 2088 856 2154 Thilo
882 2100 914 2156 et
934 2090 978 2155 H.
1000 2090 1127 2175 Hagen.
1180 2089 1252 2160 Vol,
1276 2089 1308 2158 1:

150 2188 302 2254 Aeneidis
333 2187 488 2254 librorum
523 2190 630 2256 I--VI
665 2192 899 2277 commentarii)
936 2193 1075 2278 primum
1103 2190 1309 2256 'monendum

149 2291 284 2374 videtur,
306 2293 434 2378 saepius
456 2293 544 2377 apud
566 2314 639 2358 eum
661 2314 761 2356 unum
778 2303 875 2380 atque
892 2292 1029 2358 eundem
1045 2292 1187 2358 Sallustii
1200 2291 1310 2358 locum

149 2390 227 2456 alibi
247 2394 306 2476 ita,
336 2401 371 2458 ut
395 2394 430 2458 in
451 2395 612 2481 plerisque
634 2404 730 2480 atque
752 2396 881 2481 optimis
901 2394 991 2460 libris
1013 2393 1158 2460 Sallustii
1181 2394 1309 2480 legitur,

149 2495 227 2560 alibi
249 2516 321 2559 cum
336 2498 490 2562 varietate
507 2496 654 2562 lectionis
668 2497 818 2583 proferri:
843 2500 869 2562 1.
893 2498 938 2562 od
952 2497 1033 2562 Aen.
1047 2498 1071 2560 I
1074 2498 1107 2579 V,
1122 2497 1200 2562 283:
1222 2519 1310 2580 „am-

149 2596 228 2660 bitio
255 2596 371 2662 multos
400 2598 550 2665 mortales
578 2599 675 2665 falsos
704 2601 774 2665 fieri
800 2601 925 2685 subegit
952 2599 1239 2686 (=Oat.10,5);
1263 2601 1310 2664 ad

151 2696 208 2762 Ge.
223 2699 325 2780 Ι,463
348 2700 501 2783 „ambitio
524 2742 563 2750 -
587 2704 720 2788 coeptu.
762 2702 792 2770 2.
816 2702 862 2766 ud
875 2701 956 2765 Aeo.
980 2702 1050 2782 VII,
1072 2701 1150 2765 678:
1173 2701 1308 2783 „urbem

148 2799 293 2883 Romam,
316 2803 411 2868 sicuti
426 2826 488 2888 ego
506 2805 629 2890 accepi,
650 2803 820 2868 condidere
842 2812 938 2888 atque
960 2802 1100 2869 habuere
1120 2804 1215 2868 initio
1230 2803 1310 2868 Tro·

144 2903 235 2988 jani“
257 2911 318 2967 etc.
342 2906 398 2991 (=
417 2905 487 2970 Cat.
503 2907 533 2988 6,
551 2907 598 2992 1);
622 2908 667 2971 ad
688 2907 771 2970 Aen.
793 2906 862 2987 VII,
877 2907 938 2970 48.-
961 2906 1093 2988 „urbem
1109 2942 1148 2952 —
1166 2903 1310 2970 habuere

151 3006 215 3089 (io)
238 3005 328 3069 initio
352 3005 515 3092 Trojani‘t
565 3009 595 3071 3.
619 3007 674 3072 Ge.
697 3009 816 3089 1,198:
846 3007 922 3091 „sed
943 3015 1054 3071 nostra
1075 3008 1178 3071 omnis
1198 3009 1249 3071 vis
1271 3011 1310 3072 in

151 3109 260 3171 auimo
290 3114 321 3172 et
348 3129 481 3194 corpore
511 3109 572 3172 sita
600 3114 668 3174 est“
697 3112 753 3197 (=
774 3109 844 3174 Cat.
870 3111 897 3191 1,
913 3110 964 3195 2);
998 3111 1043 3174 ad
1064 3110 1145 3174 Aen.
1167 3110 1214 3192 ΙΙ,
1228 3109 1310 3174 452:

150 3209 204 3290 „in
226 3213 359 3274 urrima“
382 3208 515 3296 (Thilo).
558 3212 588 3274 4.
611 3213 656 3277 ad
677 3211 758 3276 Aeo.
781 3212 899 3293 Liba:
922 3223 988 3295 „est
1007 3215 1045 3277 ia
1067 3233 1197 3276 carcere
1218 3212 1310 3277 locus

150 3310 238 3396 quod
256 3308 438 3374 Tullianum
460 3310 657 3397 appellatur“
681 3315 737 3399 (=
752 3312 823 3379 Cat.
838 3315 889 3395 55,
904 3315 955 3399 3);
978 3314 1025 3378 ud
1044 3315 1126 3383 Aen.
1141 3314 1217 3396 XII,
1230 3315 1309 3379 897:

151 3423 216 3495 „est
236 3411 326 3478 locus
347 3415 384 3477 in
406 3435 545 3496 carcere,
566 3415 673 3500 quod“
696 3426 755 3483 ete.
799 3418 829 3480 5.
853 3417 898 3480 ad
912 3417 993 3480 Aeo.
1008 3417 1054 3498 H,
1069 3418 1146 3480 564:
1169 3437 1310 3500 „memo-

149 3535 220 3578 rare
241 3536 384 3599 possem,
414 3513 532 3599 quibus
558 3516 591 3580 in
617 3516 695 3582 locis
724 3518 882 3582 maximas
910 3517 1049 3582 hostium
1076 3519 1187 3604 copias
1209 3519 1246 3582 P.
1269 3517 1309 3583 R„

149 3637 251 3700 parva
272 3637 367 3680 mauu
384 3615 558 3703 fuderit“²)
582 3619 638 3704 (=
652 3619 721 3685 Oat.
739 3621 767 3702 7,
784 3620 833 3707 7);
857 3621 902 3685 ud
916 3621 992 3702 ΧΠ,
1007 3621 1085 3685 23οε
1108 3641 1310 3704 „memorare

224 3767 248 3835 ¹)
270 3769 329 3819 Cat.
349 3770 392 3831 60,
407 3770 438 3821 5:
466 3772 550 3833 „alios
570 3773 635 3823 alibi
655 3775 803 3826 resistentis
822 3775 981 3837 interficit“;
1009 3780 1035 3826 et
1055 3780 1116 3826 ante
1136 3776 1205 3825 haec
1224 3774 1311 3826 verba

152 3860 275 3911 similiter
300 3866 381 3927 atque
407 3864 451 3924 61,
472 3865 488 3913 3
509 3864 652 3916 Sallustius
678 3865 758 3916 dixit:
786 3857 938 3918 »cohortem
964 3868 1126 3933 praetoriam
1151 3867 1178 3916 in
1205 3864 1311 3917 medios

152 3954 237 4004 hostis
257 3952 392 4017 inducit“;
419 3955 452 4004 cf.
473 3956 573 4007 Anhalt
592 3974 618 4024 p.
633 3957 682 4020 293
701 3957 812 4008 Jordan.
833 3959 868 4008 ad
889 3958 947 4008 Cat.
969 3957 1012 4022 61,
1026 3959 1052 4009 3.

223 4047 246 4108 ²)
265 4045 334 4096 aad.
354 4048 388 4110 D,
407 4049 435 4097 in
456 4064 506 4114 quo
525 4049 591 4100 libro
612 4049 694 4099 multa
714 4065 730 4098 a
750 4049 834 4101 doctis
854 4049 930 4101 Italis
949 4066 1018 4102 saec.
1033 4051 1082 4102 XV
1095 4049 1180 4101 Servii
1198 4050 1310 4100 scholiis

146 4137 240 4186 addita
253 4143 324 4188 sunt.
