<?xml version="1.0" encoding="UTF-8"?>
<!DOCTYPE html PUBLIC "-//W3C//DTD XHTML 1.0 Transitional//EN"
    "http://www.w3.org/TR/xhtml1/DTD/xhtml1-transitional.dtd">
<html xmlns="http://www.w3.org/1999/xhtml" xml:lang="en" lang="en">
 <head>
  <title>
</title>
<meta http-equiv="Content-Type" content="text/html;charset=utf-8" />
  <meta name='ocr-system' content='tesseract 3.04.00' />
  <meta name='ocr-capabilities' content='ocr_page ocr_carea ocr_par ocr_line ocrx_word'/>
</head>
<body>
  <div class='ocr_page' id='page_1' title='image "./delocissallusti00nitzgoog_0025.png"; bbox 0 0 2926 4492; ppageno 0'>
   <div class='ocr_carea' id='block_1_1' title="bbox 708 71 800 169">
    <p class='ocr_par' dir='ltr' id='par_1_1' title="bbox 654 71 800 170">
     <span class='ocr_line' id='line_1_1' title="bbox 708 71 800 169; baseline -0.027 -1.479"><span class='ocrx_word' id='word_1_1' title='bbox 708 71 750 169; x_wconf 65' lang='lat'>‚29</span> <span class='ocrx_word' id='word_1_2' title='bbox 762 160 800 167; x_wconf 73' lang='grc'>,-</span> 
     </span>
    </p>
   </div>
   <div class='ocr_carea' id='block_1_2' title="bbox 127 269 1311 4131">
    <p class='ocr_par' dir='ltr' id='par_1_2' title="bbox 127 269 1311 3613">
     <span class='ocr_line' id='line_1_2' title="bbox 150 269 1302 351; baseline -0.005 -13"><span class='ocrx_word' id='word_1_3' title='bbox 150 273 300 339; x_wconf 80' lang='lat' dir='ltr'><strong>Sallustio</strong></span> <span class='ocrx_word' id='word_1_4' title='bbox 328 282 401 337; x_wconf 91' lang='lat' dir='ltr'>ante</span> <span class='ocrx_word' id='word_1_5' title='bbox 430 270 551 336; x_wconf 84' lang='lat' dir='ltr'>oculos</span> <span class='ocrx_word' id='word_1_6' title='bbox 566 271 767 336; x_wconf 87' lang='lat' dir='ltr'>obversatam</span> <span class='ocrx_word' id='word_1_7' title='bbox 795 291 866 333; x_wconf 89' lang='lat' dir='ltr'>esse</span> <span class='ocrx_word' id='word_1_8' title='bbox 897 269 1049 334; x_wconf 84' lang='lat' dir='ltr'>credibile</span> <span class='ocrx_word' id='word_1_9' title='bbox 1077 269 1217 351; x_wconf 73' lang='lat' dir='ltr'>videtur,</span> <span class='ocrx_word' id='word_1_10' title='bbox 1245 270 1302 334; x_wconf 90' lang='lat' dir='ltr'>sed</span> 
     </span>
     <span class='ocr_line' id='line_1_3' title="bbox 149 367 1304 458; baseline -0.004 -18"><span class='ocrx_word' id='word_1_11' title='bbox 149 379 244 442; x_wconf 88' lang='lat' dir='ltr'>etiam</span> <span class='ocrx_word' id='word_1_12' title='bbox 272 367 338 440; x_wconf 82' lang='lat' dir='ltr'>iere</span> <span class='ocrx_word' id='word_1_13' title='bbox 368 375 502 439; x_wconf 91' lang='lat' dir='ltr'>eandem</span> <span class='ocrx_word' id='word_1_14' title='bbox 531 375 607 455; x_wconf 94' lang='lat' dir='ltr'>vim,</span> <span class='ocrx_word' id='word_1_15' title='bbox 636 393 733 458; x_wconf 92' lang='lat' dir='ltr'>quam</span> <span class='ocrx_word' id='word_1_16' title='bbox 761 371 934 436; x_wconf 80' lang='lat' dir='ltr'>ablativum</span> <span class='ocrx_word' id='word_1_17' title='bbox 964 371 1061 451; x_wconf 89' lang='lat' dir='ltr'>modi,</span> <span class='ocrx_word' id='word_1_18' title='bbox 1090 370 1215 435; x_wconf 91' lang='lat' dir='ltr'>duobus</span> <span class='ocrx_word' id='word_1_19' title='bbox 1240 370 1304 435; x_wconf 89' lang='lat' dir='ltr'>illis</span> 
     </span>
     <span class='ocr_line' id='line_1_4' title="bbox 149 466 1304 562; baseline -0.003 -20"><span class='ocrx_word' id='word_1_20' title='bbox 149 479 225 543; x_wconf 90' lang='lat' dir='ltr'>locis</span> <span class='ocrx_word' id='word_1_21' title='bbox 249 478 399 562; x_wconf 78' lang='lat' dir='ltr'>,castris“</span> <span class='ocrx_word' id='word_1_22' title='bbox 423 466 541 540; x_wconf 87' lang='lat' dir='ltr'>habere</span> <span class='ocrx_word' id='word_1_23' title='bbox 557 475 762 539; x_wconf 84' lang='lat' dir='ltr'>manifestum</span> <span class='ocrx_word' id='word_1_24' title='bbox 777 483 825 539; x_wconf 88' lang='lat' dir='ltr'>est</span> <span class='ocrx_word' id='word_1_25' title='bbox 840 472 894 560; x_wconf 83' lang='lat' dir='ltr'>(cf.</span> <span class='ocrx_word' id='word_1_26' title='bbox 909 472 1031 537; x_wconf 83' lang='lat' dir='ltr'>laxiore</span> <span class='ocrx_word' id='word_1_27' title='bbox 1046 474 1168 558; x_wconf 89' lang='lat' dir='ltr'>inperio</span> <span class='ocrx_word' id='word_1_28' title='bbox 1184 472 1304 539; x_wconf 89' lang='lat' dir='ltr'>habere</span> 
     </span>
     <span class='ocr_line' id='line_1_5' title="bbox 147 574 1305 664; baseline -0.005 -19"><span class='ocrx_word' id='word_1_29' title='bbox 147 581 223 664; x_wconf 85' lang='lat' dir='ltr'>Jug.</span> <span class='ocrx_word' id='word_1_30' title='bbox 246 583 298 661; x_wconf 90' lang='grc'>64,</span> <span class='ocrx_word' id='word_1_31' title='bbox 312 582 349 660; x_wconf 80' lang='lat'>53</span> <span class='ocrx_word' id='word_1_32' title='bbox 370 579 434 643; x_wconf 89' lang='lat' dir='ltr'>levi</span> <span class='ocrx_word' id='word_1_33' title='bbox 455 578 578 663; x_wconf 89' lang='lat' dir='ltr'>inperio</span> <span class='ocrx_word' id='word_1_34' title='bbox 601 576 719 640; x_wconf 89' lang='lat' dir='ltr'>hahere</span> <span class='ocrx_word' id='word_1_35' title='bbox 741 576 793 658; x_wconf 97' lang='grc'>89,</span> <span class='ocrx_word' id='word_1_36' title='bbox 807 582 842 657; x_wconf 90' lang='grc'>4,</span> <span class='ocrx_word' id='word_1_37' title='bbox 874 574 1018 639; x_wconf 86' lang='lat' dir='ltr'>modesto</span> <span class='ocrx_word' id='word_1_38' title='bbox 1039 576 1163 660; x_wconf 88' lang='lat' dir='ltr'>inperio</span> <span class='ocrx_word' id='word_1_39' title='bbox 1185 574 1305 640; x_wconf 90' lang='lat' dir='ltr'>hahere</span> 
     </span>
     <span class='ocr_line' id='line_1_6' title="bbox 148 675 1302 767; baseline -0.006 -22"><span class='ocrx_word' id='word_1_40' title='bbox 148 682 199 763; x_wconf 90' lang='grc'>92,</span> <span class='ocrx_word' id='word_1_41' title='bbox 216 683 258 767; x_wconf 86' lang='grc'>2).</span> <span class='ocrx_word' id='word_1_42' title='bbox 276 720 315 729; x_wconf 94' lang='grc'><strong>-</strong></span> <span class='ocrx_word' id='word_1_43' title='bbox 332 680 477 744; x_wconf 83' lang='lat' dir='ltr'>Breviter</span> <span class='ocrx_word' id='word_1_44' title='bbox 498 678 663 744; x_wconf 88' lang='lat' dir='ltr'>absolvere</span> <span class='ocrx_word' id='word_1_45' title='bbox 678 699 849 764; x_wconf 89' lang='lat' dir='ltr'>possumus</span> <span class='ocrx_word' id='word_1_46' title='bbox 864 677 992 741; x_wconf 91' lang='lat' dir='ltr'>tertium</span> <span class='ocrx_word' id='word_1_47' title='bbox 1007 675 1129 740; x_wconf 91' lang='lat' dir='ltr'>locum:</span> <span class='ocrx_word' id='word_1_48' title='bbox 1152 676 1209 739; x_wconf 90' lang='lat' dir='ltr'>ubi</span> <span class='ocrx_word' id='word_1_49' title='bbox 1226 680 1302 760; x_wconf 83' lang='lat' dir='ltr'>„ea“</span> 
     </span>
     <span class='ocr_line' id='line_1_7' title="bbox 147 776 1306 868; baseline -0.003 -24"><span class='ocrx_word' id='word_1_50' title='bbox 147 782 220 846; x_wconf 88' lang='lat' dir='ltr'>ideo</span> <span class='ocrx_word' id='word_1_51' title='bbox 253 782 462 868; x_wconf 88' lang='lat' dir='ltr'>rejiciendum</span> <span class='ocrx_word' id='word_1_52' title='bbox 495 790 556 863; x_wconf 90' lang='lat' dir='ltr'>est,</span> <span class='ocrx_word' id='word_1_53' title='bbox 590 781 666 866; x_wconf 90' lang='lat' dir='ltr'>quia</span> <span class='ocrx_word' id='word_1_54' title='bbox 698 781 786 865; x_wconf 89' lang='lat' dir='ltr'>apud</span> <span class='ocrx_word' id='word_1_55' title='bbox 820 776 1005 842; x_wconf 82' lang='lat' dir='ltr'>Sallustium</span> <span class='ocrx_word' id='word_1_56' title='bbox 1037 800 1198 863; x_wconf 84' lang='lat' dir='ltr'>nusquam</span> <span class='ocrx_word' id='word_1_57' title='bbox 1230 788 1306 862; x_wconf 89' lang='lat' dir='ltr'>post</span> 
     </span>
     <span class='ocr_line' id='line_1_8' title="bbox 151 880 1305 969; baseline -0.003 -22"><span class='ocrx_word' id='word_1_58' title='bbox 151 885 372 969; x_wconf 86' lang='lat' dir='ltr'>„quicunque“</span> <span class='ocrx_word' id='word_1_59' title='bbox 403 905 581 969; x_wconf 90' lang='lat' dir='ltr'>pronomen</span> <span class='ocrx_word' id='word_1_60' title='bbox 610 883 676 965; x_wconf 79' lang='lat' dir='ltr'>„is“</span> <span class='ocrx_word' id='word_1_61' title='bbox 707 884 739 944; x_wconf 93' lang='lat' dir='ltr'>in</span> <span class='ocrx_word' id='word_1_62' title='bbox 761 880 897 966; x_wconf 89' lang='lat' dir='ltr'>apodosi</span> <span class='ocrx_word' id='word_1_63' title='bbox 919 882 1062 966; x_wconf 90' lang='lat' dir='ltr'>sequitur</span> <span class='ocrx_word' id='word_1_64' title='bbox 1085 881 1240 967; x_wconf 82' lang='lat' dir='ltr'>(maxime</span> <span class='ocrx_word' id='word_1_65' title='bbox 1262 881 1305 946; x_wconf 91' lang='lat' dir='ltr'>cf.</span> 
     </span>
     <span class='ocr_line' id='line_1_9' title="bbox 149 981 1306 1070; baseline -0.004 -21"><span class='ocrx_word' id='word_1_66' title='bbox 149 984 219 1049; x_wconf 80' lang='lat' dir='ltr'>Cat.</span> <span class='ocrx_word' id='word_1_67' title='bbox 235 986 285 1068; x_wconf 83' lang='lat'>38,</span> <span class='ocrx_word' id='word_1_68' title='bbox 301 985 331 1067; x_wconf 86' lang='lat'>3,</span> <span class='ocrx_word' id='word_1_69' title='bbox 353 986 409 1048; x_wconf 92' lang='lat' dir='ltr'>ubi</span> <span class='ocrx_word' id='word_1_70' title='bbox 431 984 482 1048; x_wconf 90' lang='lat' dir='ltr'>vel</span> <span class='ocrx_word' id='word_1_71' title='bbox 503 985 642 1070; x_wconf 89' lang='lat' dir='ltr'>plurima</span> <span class='ocrx_word' id='word_1_72' title='bbox 664 984 763 1048; x_wconf 89' lang='lat' dir='ltr'>verba</span> <span class='ocrx_word' id='word_1_73' title='bbox 785 983 987 1048; x_wconf 91' lang='lat' dir='ltr'>enunciatum</span> <span class='ocrx_word' id='word_1_74' title='bbox 1002 982 1172 1047; x_wconf 89' lang='lat' dir='ltr'>relativum</span> <span class='ocrx_word' id='word_1_75' title='bbox 1193 981 1306 1047; x_wconf 89' lang='lat' dir='ltr'>habet:</span> 
     </span>
     <span class='ocr_line' id='line_1_10' title="bbox 150 1083 1307 1171; baseline -0.003 -22"><span class='ocrx_word' id='word_1_76' title='bbox 150 1089 353 1171; x_wconf 77' lang='lat' dir='ltr'>„quicunque</span> <span class='ocrx_word' id='word_1_77' title='bbox 381 1109 448 1150; x_wconf 92' lang='lat' dir='ltr'>rem</span> <span class='ocrx_word' id='word_1_78' title='bbox 478 1085 638 1170; x_wconf 83' lang='lat' dir='ltr'>publicam</span> <span class='ocrx_word' id='word_1_79' title='bbox 671 1087 832 1170; x_wconf 86' lang='lat' dir='ltr'>agitavere</span> <span class='ocrx_word' id='word_1_80' title='bbox 859 1085 1000 1150; x_wconf 80' lang='lat' dir='ltr'>honestis</span> <span class='ocrx_word' id='word_1_81' title='bbox 1026 1083 1220 1165; x_wconf 89' lang='lat' dir='ltr'>nominibus,</span> <span class='ocrx_word' id='word_1_82' title='bbox 1250 1083 1307 1147; x_wconf 89' lang='lat' dir='ltr'>alii</span> 
     </span>
     <span class='ocr_line' id='line_1_11' title="bbox 149 1186 1307 1273; baseline -0.001 -22"><span class='ocrx_word' id='word_1_83' title='bbox 149 1189 245 1251; x_wconf 88' lang='lat' dir='ltr'>sicuti</span> <span class='ocrx_word' id='word_1_84' title='bbox 277 1186 388 1273; x_wconf 92' lang='lat' dir='ltr'>populi</span> <span class='ocrx_word' id='word_1_85' title='bbox 414 1187 491 1273; x_wconf 88' lang='lat' dir='ltr'>jura</span> <span class='ocrx_word' id='word_1_86' title='bbox 523 1186 743 1269; x_wconf 81' lang='lat' dir='ltr'>defenderent,</span> <span class='ocrx_word' id='word_1_87' title='bbox 776 1209 849 1273; x_wconf 89' lang='lat' dir='ltr'>pars</span> <span class='ocrx_word' id='word_1_88' title='bbox 882 1209 945 1273; x_wconf 94' lang='lat' dir='ltr'>quo</span> <span class='ocrx_word' id='word_1_89' title='bbox 975 1196 1103 1252; x_wconf 88' lang='lat' dir='ltr'>senatus</span> <span class='ocrx_word' id='word_1_90' title='bbox 1132 1187 1307 1251; x_wconf 88' lang='lat' dir='ltr'>auctoritas</span> 
     </span>
     <span class='ocr_line' id='line_1_12' title="bbox 149 1288 1306 1375; baseline -0.001 -23"><span class='ocrx_word' id='word_1_91' title='bbox 149 1311 302 1353; x_wconf 88' lang='lat' dir='ltr'>maxuma</span> <span class='ocrx_word' id='word_1_92' title='bbox 330 1290 422 1370; x_wconf 88' lang='lat' dir='ltr'>foret,</span> <span class='ocrx_word' id='word_1_93' title='bbox 448 1288 567 1352; x_wconf 90' lang='lat' dir='ltr'>bonum</span> <span class='ocrx_word' id='word_1_94' title='bbox 597 1288 762 1375; x_wconf 88' lang='lat' dir='ltr'>publicum</span> <span class='ocrx_word' id='word_1_95' title='bbox 791 1290 976 1355; x_wconf 85' lang='lat' dir='ltr'>simulantes</span> <span class='ocrx_word' id='word_1_96' title='bbox 1003 1311 1061 1375; x_wconf 90' lang='lat' dir='ltr'>pro</span> <span class='ocrx_word' id='word_1_97' title='bbox 1091 1310 1149 1352; x_wconf 89' lang='lat' dir='ltr'>sua</span> <span class='ocrx_word' id='word_1_98' title='bbox 1171 1289 1306 1374; x_wconf 91' lang='lat' dir='ltr'>quisque</span> 
     </span>
     <span class='ocr_line' id='line_1_13' title="bbox 148 1390 1307 1476; baseline 0 -22"><span class='ocrx_word' id='word_1_99' title='bbox 148 1391 292 1476; x_wconf 89' lang='lat' dir='ltr'>potentia</span> <span class='ocrx_word' id='word_1_100' title='bbox 306 1391 506 1473; x_wconf 70' lang='lat' dir='ltr'>certabant“;</span> <span class='ocrx_word' id='word_1_101' title='bbox 526 1391 602 1476; x_wconf 85' lang='lat' dir='ltr'>Jug.</span> <span class='ocrx_word' id='word_1_102' title='bbox 618 1393 647 1473; x_wconf 82' lang='lat'>5,</span> <span class='ocrx_word' id='word_1_103' title='bbox 662 1393 698 1474; x_wconf 95' lang='grc'>4,</span> <span class='ocrx_word' id='word_1_104' title='bbox 714 1392 765 1472; x_wconf 90' lang='grc'>90,</span> <span class='ocrx_word' id='word_1_105' title='bbox 783 1393 814 1475; x_wconf 88' lang='grc'>1,</span> <span class='ocrx_word' id='word_1_106' title='bbox 838 1390 907 1456; x_wconf 84' lang='lat' dir='ltr'>Oat.</span> <span class='ocrx_word' id='word_1_107' title='bbox 924 1393 975 1474; x_wconf 86' lang='grc'>37,</span> <span class='ocrx_word' id='word_1_108' title='bbox 993 1393 1045 1474; x_wconf 91' lang='grc'>10,</span> <span class='ocrx_word' id='word_1_109' title='bbox 1061 1392 1112 1472; x_wconf 90' lang='grc'>39,</span> <span class='ocrx_word' id='word_1_110' title='bbox 1127 1393 1173 1476; x_wconf 88' lang='lat'>6).</span> <span class='ocrx_word' id='word_1_111' title='bbox 1189 1429 1228 1439; x_wconf 95' lang='lat'>-</span> <span class='ocrx_word' id='word_1_112' title='bbox 1242 1390 1307 1454; x_wconf 88' lang='lat' dir='ltr'>Ne-</span> 
     </span>
     <span class='ocr_line' id='line_1_14' title="bbox 150 1493 1309 1580; baseline 0.002 -25"><span class='ocrx_word' id='word_1_113' title='bbox 150 1514 212 1578; x_wconf 93' lang='lat' dir='ltr'>que</span> <span class='ocrx_word' id='word_1_114' title='bbox 234 1494 339 1556; x_wconf 89' lang='lat' dir='ltr'>minus</span> <span class='ocrx_word' id='word_1_115' title='bbox 354 1493 592 1578; x_wconf 87' lang='lat' dir='ltr'>praetermissio</span> <span class='ocrx_word' id='word_1_116' title='bbox 607 1493 783 1577; x_wconf 84' lang='lat' dir='ltr'>particulae</span> <span class='ocrx_word' id='word_1_117' title='bbox 800 1499 868 1578; x_wconf 65' lang='grc' dir='ltr'>,111α</span> <span class='ocrx_word' id='word_1_118' title='bbox 885 1504 959 1559; x_wconf 91' lang='lat' dir='ltr'>ante</span> <span class='ocrx_word' id='word_1_119' title='bbox 976 1493 1157 1580; x_wconf 80' lang='lat' dir='ltr'>„palantes“</span> <span class='ocrx_word' id='word_1_120' title='bbox 1174 1514 1309 1557; x_wconf 89' lang='lat' dir='ltr'>manum</span> 
     </span>
     <span class='ocr_line' id='line_1_15' title="bbox 127 1594 1309 1679; baseline 0.002 -22"><span class='ocrx_word' id='word_1_121' title='bbox 127 1595 339 1658; x_wconf 79' lang='lat' dir='ltr'>correctoris</span> <span class='ocrx_word' id='word_1_122' title='bbox 365 1594 495 1675; x_wconf 89' lang='lat' dir='ltr'>redolet,</span> <span class='ocrx_word' id='word_1_123' title='bbox 525 1595 579 1679; x_wconf 92' lang='lat' dir='ltr'>qui</span> <span class='ocrx_word' id='word_1_124' title='bbox 602 1594 672 1657; x_wconf 92' lang='lat' dir='ltr'>aliis</span> <span class='ocrx_word' id='word_1_125' title='bbox 695 1595 773 1658; x_wconf 91' lang='lat' dir='ltr'>locis</span> <span class='ocrx_word' id='word_1_126' title='bbox 796 1596 908 1660; x_wconf 86' lang='lat' dir='ltr'>seriem</span> <span class='ocrx_word' id='word_1_127' title='bbox 931 1596 1161 1661; x_wconf 88' lang='lat' dir='ltr'>infinitivorum</span> <span class='ocrx_word' id='word_1_128' title='bbox 1182 1596 1309 1661; x_wconf 88' lang='lat' dir='ltr'>histori-</span> 
     </span>
     <span class='ocr_line' id='line_1_16' title="bbox 152 1694 1309 1781; baseline 0.002 -21"><span class='ocrx_word' id='word_1_129' title='bbox 152 1717 262 1760; x_wconf 89' lang='lat' dir='ltr'>corum</span> <span class='ocrx_word' id='word_1_130' title='bbox 293 1694 449 1780; x_wconf 90' lang='lat' dir='ltr'>particula</span> <span class='ocrx_word' id='word_1_131' title='bbox 478 1694 661 1780; x_wconf 87' lang='lat' dir='ltr'>copulativa</span> <span class='ocrx_word' id='word_1_132' title='bbox 687 1717 751 1758; x_wconf 91' lang='lat' dir='ltr'>non</span> <span class='ocrx_word' id='word_1_133' title='bbox 773 1697 916 1781; x_wconf 82' lang='lat' dir='ltr'>incipere</span> <span class='ocrx_word' id='word_1_134' title='bbox 938 1697 1124 1762; x_wconf 85' lang='lat' dir='ltr'>recordatus</span> <span class='ocrx_word' id='word_1_135' title='bbox 1146 1700 1196 1762; x_wconf 88' lang='lat' dir='ltr'>sit.</span> <span class='ocrx_word' id='word_1_136' title='bbox 1241 1699 1309 1764; x_wconf 83' lang='lat' dir='ltr'>Sed</span> 
     </span>
     <span class='ocr_line' id='line_1_17' title="bbox 151 1797 1309 1885; baseline 0.003 -24"><span class='ocrx_word' id='word_1_137' title='bbox 151 1797 204 1861; x_wconf 92' lang='lat' dir='ltr'>hic</span> <span class='ocrx_word' id='word_1_138' title='bbox 226 1797 316 1861; x_wconf 89' lang='lat' dir='ltr'>locus</span> <span class='ocrx_word' id='word_1_139' title='bbox 338 1818 417 1862; x_wconf 90' lang='lat' dir='ltr'>voce</span> <span class='ocrx_word' id='word_1_140' title='bbox 441 1799 509 1881; x_wconf 82' lang='lat' dir='ltr'>„et“</span> <span class='ocrx_word' id='word_1_141' title='bbox 535 1817 643 1862; x_wconf 88' lang='lat' dir='ltr'>carere</span> <span class='ocrx_word' id='word_1_142' title='bbox 664 1819 729 1861; x_wconf 90' lang='lat' dir='ltr'>non</span> <span class='ocrx_word' id='word_1_143' title='bbox 750 1807 868 1882; x_wconf 74' lang='lat' dir='ltr'>potest,</span> <span class='ocrx_word' id='word_1_144' title='bbox 890 1822 966 1863; x_wconf 92' lang='lat' dir='ltr'>nam</span> <span class='ocrx_word' id='word_1_145' title='bbox 987 1799 1139 1864; x_wconf 88' lang='lat' dir='ltr'>infinitivi</span> <span class='ocrx_word' id='word_1_146' title='bbox 1153 1801 1309 1885; x_wconf 88' lang='lat' dir='ltr'>historici,</span> 
     </span>
     <span class='ocr_line' id='line_1_18' title="bbox 152 1888 1309 1985; baseline 0.004 -23"><span class='ocrx_word' id='word_1_147' title='bbox 152 1900 208 1984; x_wconf 92' lang='lat' dir='ltr'>qui</span> <span class='ocrx_word' id='word_1_148' title='bbox 230 1907 416 1983; x_wconf 89' lang='lat' dir='ltr'>sequuntur,</span> <span class='ocrx_word' id='word_1_149' title='bbox 443 1920 508 1961; x_wconf 92' lang='lat' dir='ltr'>non</span> <span class='ocrx_word' id='word_1_150' title='bbox 530 1888 722 1985; x_wconf 82' lang='lat' dir='ltr'>explicatam</span> <span class='ocrx_word' id='word_1_151' title='bbox 746 1901 977 1985; x_wconf 88' lang='lat' dir='ltr'>expositionem</span> <span class='ocrx_word' id='word_1_152' title='bbox 999 1901 1216 1967; x_wconf 90' lang='lat' dir='ltr'>antecedentis</span> <span class='ocrx_word' id='word_1_153' title='bbox 1237 1899 1309 1967; x_wconf 87' lang='lat' dir='ltr'>sen·</span> 
     </span>
     <span class='ocr_line' id='line_1_19' title="bbox 151 1990 1309 2084; baseline 0.003 -19"><span class='ocrx_word' id='word_1_154' title='bbox 151 2001 279 2084; x_wconf 87' lang='lat' dir='ltr'>tentiae,</span> <span class='ocrx_word' id='word_1_155' title='bbox 309 2000 366 2064; x_wconf 91' lang='lat' dir='ltr'>sed</span> <span class='ocrx_word' id='word_1_156' title='bbox 386 2020 488 2064; x_wconf 90' lang='lat' dir='ltr'>novas</span> <span class='ocrx_word' id='word_1_157' title='bbox 509 1990 570 2082; x_wconf 89' lang='lat' dir='ltr'>res,</span> <span class='ocrx_word' id='word_1_158' title='bbox 600 2001 633 2064; x_wconf 91' lang='lat' dir='ltr'>in</span> <span class='ocrx_word' id='word_1_159' title='bbox 655 2000 855 2066; x_wconf 88' lang='lat' dir='ltr'>antecedenti</span> <span class='ocrx_word' id='word_1_160' title='bbox 868 2003 1036 2066; x_wconf 77' lang='lat' dir='ltr'>&#39;sententia</span> <span class='ocrx_word' id='word_1_161' title='bbox 1058 2005 1200 2068; x_wconf 91' lang='lat' dir='ltr'>nondum</span> <span class='ocrx_word' id='word_1_162' title='bbox 1223 2026 1309 2070; x_wconf 91' lang='lat' dir='ltr'>com-</span> 
     </span>
     <span class='ocr_line' id='line_1_20' title="bbox 151 2101 1311 2190; baseline 0.005 -24"><span class='ocrx_word' id='word_1_163' title='bbox 151 2111 344 2189; x_wconf 84' lang='lat' dir='ltr'>memoratas</span> <span class='ocrx_word' id='word_1_164' title='bbox 365 2102 515 2166; x_wconf 87' lang='lat' dir='ltr'>afferunt:</span> <span class='ocrx_word' id='word_1_165' title='bbox 537 2111 631 2166; x_wconf 86' lang='lat' dir='ltr'>antea</span> <span class='ocrx_word' id='word_1_166' title='bbox 647 2101 815 2168; x_wconf 74' lang='lat' dir='ltr'>Sallustius</span> <span class='ocrx_word' id='word_1_167' title='bbox 837 2103 953 2170; x_wconf 86' lang='lat' dir='ltr'>milites</span> <span class='ocrx_word' id='word_1_168' title='bbox 974 2128 993 2169; x_wconf 94' lang='lat' dir='ltr'>a</span> <span class='ocrx_word' id='word_1_169' title='bbox 1016 2107 1115 2190; x_wconf 86' lang='lat' dir='ltr'>siguis</span> <span class='ocrx_word' id='word_1_170' title='bbox 1136 2107 1254 2172; x_wconf 87' lang='lat' dir='ltr'>afuisse</span> <span class='ocrx_word' id='word_1_171' title='bbox 1277 2117 1311 2172; x_wconf 93' lang='lat' dir='ltr'>et</span> 
     </span>
     <span class='ocr_line' id='line_1_21' title="bbox 152 2203 1311 2294; baseline 0.003 -26"><span class='ocrx_word' id='word_1_172' title='bbox 152 2203 209 2269; x_wconf 88' lang='lat' dir='ltr'>diu</span> <span class='ocrx_word' id='word_1_173' title='bbox 230 2215 391 2289; x_wconf 90' lang='lat' dir='ltr'>noctuque</span> <span class='ocrx_word' id='word_1_174' title='bbox 414 2213 547 2288; x_wconf 83' lang='lat' dir='ltr'>vagatos</span> <span class='ocrx_word' id='word_1_175' title='bbox 571 2227 641 2269; x_wconf 89' lang='lat' dir='ltr'>esse</span> <span class='ocrx_word' id='word_1_176' title='bbox 663 2205 755 2286; x_wconf 90' lang='lat' dir='ltr'>dixit,</span> <span class='ocrx_word' id='word_1_177' title='bbox 784 2228 869 2270; x_wconf 91' lang='lat' dir='ltr'>nunc</span> <span class='ocrx_word' id='word_1_178' title='bbox 893 2208 1043 2272; x_wconf 87' lang='lat' dir='ltr'>transitus</span> <span class='ocrx_word' id='word_1_179' title='bbox 1065 2207 1101 2272; x_wconf 88' lang='lat' dir='ltr'>fit</span> <span class='ocrx_word' id='word_1_180' title='bbox 1122 2209 1164 2273; x_wconf 90' lang='lat' dir='ltr'>ad</span> <span class='ocrx_word' id='word_1_181' title='bbox 1186 2210 1311 2294; x_wconf 87' lang='lat' dir='ltr'>majora</span> 
     </span>
     <span class='ocr_line' id='line_1_22' title="bbox 152 2305 1309 2394; baseline 0.004 -24"><span class='ocrx_word' id='word_1_182' title='bbox 152 2305 224 2388; x_wconf 88' lang='lat' dir='ltr'>alia,</span> <span class='ocrx_word' id='word_1_183' title='bbox 247 2307 329 2392; x_wconf 89' lang='lat' dir='ltr'>quae</span> <span class='ocrx_word' id='word_1_184' title='bbox 351 2309 385 2369; x_wconf 90' lang='lat' dir='ltr'>in</span> <span class='ocrx_word' id='word_1_185' title='bbox 398 2305 547 2389; x_wconf 83' lang='lat' dir='ltr'>vagando</span> <span class='ocrx_word' id='word_1_186' title='bbox 563 2307 757 2370; x_wconf 88' lang='lat' dir='ltr'>accesserint</span> <span class='ocrx_word' id='word_1_187' title='bbox 774 2308 836 2393; x_wconf 85' lang='lat' dir='ltr'>(„et</span> <span class='ocrx_word' id='word_1_188' title='bbox 845 2308 1053 2394; x_wconf 77' lang='lat' dir='ltr'>palantes“):</span> <span class='ocrx_word' id='word_1_189' title='bbox 1075 2311 1172 2375; x_wconf 90' lang='lat' dir='ltr'>etiam</span> <span class='ocrx_word' id='word_1_190' title='bbox 1186 2309 1309 2376; x_wconf 87' lang='lat' dir='ltr'>scelera</span> 
     </span>
     <span class='ocr_line' id='line_1_23' title="bbox 152 2407 1311 2499; baseline 0.003 -27"><span class='ocrx_word' id='word_1_191' title='bbox 152 2417 184 2472; x_wconf 89' lang='lat' dir='ltr'>et</span> <span class='ocrx_word' id='word_1_192' title='bbox 209 2407 331 2494; x_wconf 85' lang='lat' dir='ltr'>flagitia</span> <span class='ocrx_word' id='word_1_193' title='bbox 358 2407 475 2471; x_wconf 91' lang='lat' dir='ltr'>milites</span> <span class='ocrx_word' id='word_1_194' title='bbox 503 2408 702 2471; x_wconf 88' lang='lat' dir='ltr'>commisisse</span> <span class='ocrx_word' id='word_1_195' title='bbox 732 2411 870 2495; x_wconf 89' lang='lat' dir='ltr'>scriptor</span> <span class='ocrx_word' id='word_1_196' title='bbox 890 2410 1003 2497; x_wconf 89' lang='lat' dir='ltr'>adjicit</span> <span class='ocrx_word' id='word_1_197' title='bbox 1024 2420 1056 2475; x_wconf 87' lang='lat' dir='ltr'>et</span> <span class='ocrx_word' id='word_1_198' title='bbox 1076 2412 1118 2476; x_wconf 89' lang='lat' dir='ltr'>ad</span> <span class='ocrx_word' id='word_1_199' title='bbox 1140 2436 1177 2478; x_wconf 91' lang='lat' dir='ltr'>ea</span> <span class='ocrx_word' id='word_1_200' title='bbox 1198 2412 1311 2499; x_wconf 89' lang='lat' dir='ltr'>depin-</span> 
     </span>
     <span class='ocr_line' id='line_1_24' title="bbox 152 2509 1309 2600; baseline 0.003 -26"><span class='ocrx_word' id='word_1_201' title='bbox 152 2509 258 2595; x_wconf 86' lang='lat' dir='ltr'>genda</span> <span class='ocrx_word' id='word_1_202' title='bbox 285 2511 384 2575; x_wconf 92' lang='lat' dir='ltr'>utitur</span> <span class='ocrx_word' id='word_1_203' title='bbox 416 2509 581 2575; x_wconf 89' lang='lat' dir='ltr'>infinitivis</span> <span class='ocrx_word' id='word_1_204' title='bbox 608 2510 770 2575; x_wconf 90' lang='lat' dir='ltr'>historicis</span> <span class='ocrx_word' id='word_1_205' title='bbox 797 2513 843 2575; x_wconf 90' lang='lat' dir='ltr'>ita</span> <span class='ocrx_word' id='word_1_206' title='bbox 869 2522 905 2576; x_wconf 91' lang='lat' dir='ltr'>ut</span> <span class='ocrx_word' id='word_1_207' title='bbox 934 2535 986 2578; x_wconf 89' lang='lat' dir='ltr'>res</span> <span class='ocrx_word' id='word_1_208' title='bbox 1016 2516 1109 2599; x_wconf 87' lang='lat' dir='ltr'>quasi</span> <span class='ocrx_word' id='word_1_209' title='bbox 1140 2516 1210 2600; x_wconf 83' lang='lat' dir='ltr'>agi,</span> <span class='ocrx_word' id='word_1_210' title='bbox 1242 2537 1309 2578; x_wconf 91' lang='lat' dir='ltr'>non</span> 
     </span>
     <span class='ocr_line' id='line_1_25' title="bbox 151 2612 1309 2702; baseline 0.006 -28"><span class='ocrx_word' id='word_1_211' title='bbox 151 2613 273 2674; x_wconf 88' lang='lat' dir='ltr'>narrari</span> <span class='ocrx_word' id='word_1_212' title='bbox 294 2612 474 2677; x_wconf 87' lang='lat' dir='ltr'>videantur.</span> <span class='ocrx_word' id='word_1_213' title='bbox 510 2613 556 2677; x_wconf 89' lang='lat' dir='ltr'>Ut</span> <span class='ocrx_word' id='word_1_214' title='bbox 576 2635 663 2676; x_wconf 91' lang='lat' dir='ltr'>nunc</span> <span class='ocrx_word' id='word_1_215' title='bbox 684 2635 743 2699; x_wconf 89' lang='lat' dir='ltr'>per</span> <span class='ocrx_word' id='word_1_216' title='bbox 762 2617 844 2698; x_wconf 82' lang='lat' dir='ltr'>„et“,</span> <span class='ocrx_word' id='word_1_217' title='bbox 865 2615 911 2678; x_wconf 91' lang='lat' dir='ltr'>ita</span> <span class='ocrx_word' id='word_1_218' title='bbox 926 2615 1021 2701; x_wconf 90' lang='lat' dir='ltr'>paulo</span> <span class='ocrx_word' id='word_1_219' title='bbox 1037 2626 1109 2701; x_wconf 89' lang='lat' dir='ltr'>post</span> <span class='ocrx_word' id='word_1_220' title='bbox 1123 2639 1182 2702; x_wconf 89' lang='lat' dir='ltr'>per</span> <span class='ocrx_word' id='word_1_221' title='bbox 1198 2639 1309 2702; x_wconf 84' lang='lat' dir='ltr'>,prae-</span> 
     </span>
     <span class='ocr_line' id='line_1_26' title="bbox 152 2713 1309 2805; baseline 0.005 -28"><span class='ocrx_word' id='word_1_222' title='bbox 152 2717 257 2778; x_wconf 83' lang='lat' dir='ltr'>terea“</span> <span class='ocrx_word' id='word_1_223' title='bbox 294 2713 414 2797; x_wconf 92' lang='lat' dir='ltr'>aliquid</span> <span class='ocrx_word' id='word_1_224' title='bbox 447 2714 525 2776; x_wconf 89' lang='lat' dir='ltr'>novi</span> <span class='ocrx_word' id='word_1_225' title='bbox 558 2715 700 2780; x_wconf 87' lang='lat' dir='ltr'>infertur.</span> <span class='ocrx_word' id='word_1_226' title='bbox 748 2715 906 2781; x_wconf 89' lang='lat' dir='ltr'>Infinitivi</span> <span class='ocrx_word' id='word_1_227' title='bbox 933 2716 1075 2782; x_wconf 90' lang='lat' dir='ltr'>historici</span> <span class='ocrx_word' id='word_1_228' title='bbox 1103 2718 1152 2783; x_wconf 90' lang='lat' dir='ltr'>his</span> <span class='ocrx_word' id='word_1_229' title='bbox 1179 2741 1309 2805; x_wconf 89' lang='lat' dir='ltr'>quoque</span> 
     </span>
     <span class='ocr_line' id='line_1_27' title="bbox 151 2813 1311 2907; baseline 0.008 -30"><span class='ocrx_word' id='word_1_230' title='bbox 151 2813 231 2878; x_wconf 90' lang='lat' dir='ltr'>locis</span> <span class='ocrx_word' id='word_1_231' title='bbox 253 2837 311 2900; x_wconf 89' lang='lat' dir='ltr'>per</span> <span class='ocrx_word' id='word_1_232' title='bbox 332 2814 521 2899; x_wconf 87' lang='lat' dir='ltr'>particulam</span> <span class='ocrx_word' id='word_1_233' title='bbox 544 2817 757 2902; x_wconf 90' lang='lat' dir='ltr'>copulativam</span> <span class='ocrx_word' id='word_1_234' title='bbox 778 2817 820 2881; x_wconf 92' lang='lat' dir='ltr'>ad</span> <span class='ocrx_word' id='word_1_235' title='bbox 842 2823 1031 2903; x_wconf 85' lang='lat' dir='ltr'>praegressa</span> <span class='ocrx_word' id='word_1_236' title='bbox 1052 2829 1198 2907; x_wconf 88' lang='lat' dir='ltr'>tempora</span> <span class='ocrx_word' id='word_1_237' title='bbox 1221 2821 1311 2886; x_wconf 90' lang='lat' dir='ltr'>finita</span> 
     </span>
     <span class='ocr_line' id='line_1_28' title="bbox 153 2917 1310 3010; baseline 0.007 -30"><span class='ocrx_word' id='word_1_238' title='bbox 153 2925 378 2981; x_wconf 90' lang='lat' dir='ltr'>annectuntur:</span> <span class='ocrx_word' id='word_1_239' title='bbox 409 2917 485 3003; x_wconf 82' lang='lat' dir='ltr'>Jug.</span> <span class='ocrx_word' id='word_1_240' title='bbox 508 2920 594 3000; x_wconf 89' lang='grc'>39,2</span> <span class='ocrx_word' id='word_1_241' title='bbox 624 2923 670 3005; x_wconf 83' lang='lat' dir='ltr'>(et</span> <span class='ocrx_word' id='word_1_242' title='bbox 698 2927 805 2984; x_wconf 87' lang='lat' dir='ltr'>tamen</span> <span class='ocrx_word' id='word_1_243' title='bbox 832 2921 991 3008; x_wconf 86' lang='lat' dir='ltr'>interim);</span> <span class='ocrx_word' id='word_1_244' title='bbox 1020 2922 1107 3005; x_wconf 84' lang='lat'>53,7</span> <span class='ocrx_word' id='word_1_245' title='bbox 1131 2925 1198 3010; x_wconf 90' lang='lat' dir='ltr'>(ac)</span> <span class='ocrx_word' id='word_1_246' title='bbox 1221 2923 1310 3004; x_wconf 80' lang='lat'>55,4</span> 
     </span>
     <span class='ocr_line' id='line_1_29' title="bbox 153 3019 1305 3111; baseline 0.005 -30"><span class='ocrx_word' id='word_1_247' title='bbox 153 3020 307 3104; x_wconf 82' lang='lat' dir='ltr'>(neque);</span> <span class='ocrx_word' id='word_1_248' title='bbox 330 3019 381 3102; x_wconf 89' lang='grc'>60,</span> <span class='ocrx_word' id='word_1_249' title='bbox 395 3020 417 3082; x_wconf 91' lang='grc'>4</span> <span class='ocrx_word' id='word_1_250' title='bbox 432 3020 513 3106; x_wconf 65' lang='grc'>(1111),</span> <span class='ocrx_word' id='word_1_251' title='bbox 539 3022 608 3102; x_wconf 93' lang='grc'>100,</span> <span class='ocrx_word' id='word_1_252' title='bbox 623 3022 645 3084; x_wconf 91' lang='grc'>4</span> <span class='ocrx_word' id='word_1_253' title='bbox 659 3023 806 3105; x_wconf 70' lang='lat' dir='ltr'>(neque),</span> <span class='ocrx_word' id='word_1_254' title='bbox 832 3023 900 3103; x_wconf 87' lang='grc'>101,</span> <span class='ocrx_word' id='word_1_255' title='bbox 917 3024 935 3085; x_wconf 96' lang='grc'>7</span> <span class='ocrx_word' id='word_1_256' title='bbox 953 3024 1157 3111; x_wconf 86' lang='lat' dir='ltr'>(simulque);</span> <span class='ocrx_word' id='word_1_257' title='bbox 1181 3026 1250 3107; x_wconf 89' lang='lat'>101,</span> <span class='ocrx_word' id='word_1_258' title='bbox 1269 3028 1305 3088; x_wconf 96' lang='grc'>11</span> 
     </span>
     <span class='ocr_line' id='line_1_30' title="bbox 153 3120 1308 3211; baseline 0.008 -28"><span class='ocrx_word' id='word_1_259' title='bbox 153 3122 221 3208; x_wconf 86' lang='lat' dir='ltr'>(ac)</span> <span class='ocrx_word' id='word_1_260' title='bbox 244 3120 328 3185; x_wconf 89' lang='lat' dir='ltr'>Hist.</span> <span class='ocrx_word' id='word_1_261' title='bbox 349 3120 409 3204; x_wconf 90' lang='lat' dir='ltr'>III,</span> <span class='ocrx_word' id='word_1_262' title='bbox 432 3123 555 3205; x_wconf 79' lang='grc'>67,16,</span> <span class='ocrx_word' id='word_1_263' title='bbox 584 3144 642 3207; x_wconf 88' lang='lat' dir='ltr'>per</span> <span class='ocrx_word' id='word_1_264' title='bbox 667 3120 831 3204; x_wconf 89' lang='lat' dir='ltr'>adverbia,</span> <span class='ocrx_word' id='word_1_265' title='bbox 859 3145 942 3208; x_wconf 92' lang='lat' dir='ltr'>quae</span> <span class='ocrx_word' id='word_1_266' title='bbox 965 3125 1102 3190; x_wconf 90' lang='lat' dir='ltr'>similem</span> <span class='ocrx_word' id='word_1_267' title='bbox 1123 3127 1189 3191; x_wconf 91' lang='lat' dir='ltr'>vim</span> <span class='ocrx_word' id='word_1_268' title='bbox 1211 3135 1308 3211; x_wconf 88' lang='lat' dir='ltr'>atque</span> 
     </span>
     <span class='ocr_line' id='line_1_31' title="bbox 152 3215 1307 3314; baseline 0.006 -28"><span class='ocrx_word' id='word_1_269' title='bbox 152 3215 328 3308; x_wconf 87' lang='lat' dir='ltr'>particulae</span> <span class='ocrx_word' id='word_1_270' title='bbox 356 3221 556 3308; x_wconf 90' lang='lat' dir='ltr'>copulativae</span> <span class='ocrx_word' id='word_1_271' title='bbox 582 3221 736 3288; x_wconf 88' lang='lat' dir='ltr'>habeant:</span> <span class='ocrx_word' id='word_1_272' title='bbox 771 3224 841 3289; x_wconf 82' lang='lat' dir='ltr'>Cat.</span> <span class='ocrx_word' id='word_1_273' title='bbox 868 3227 967 3308; x_wconf 91' lang='grc'>27,2</span> <span class='ocrx_word' id='word_1_274' title='bbox 996 3229 1161 3314; x_wconf 85' lang='lat' dir='ltr'>(interea);</span> <span class='ocrx_word' id='word_1_275' title='bbox 1193 3228 1249 3311; x_wconf 88' lang='lat'>60,</span> <span class='ocrx_word' id='word_1_276' title='bbox 1270 3231 1307 3311; x_wconf 88' lang='grc'>4,</span> 
     </span>
     <span class='ocr_line' id='line_1_32' title="bbox 152 3322 1304 3417; baseline 0.009 -31"><span class='ocrx_word' id='word_1_277' title='bbox 152 3322 204 3404; x_wconf 93' lang='grc'>28,</span> <span class='ocrx_word' id='word_1_278' title='bbox 218 3324 256 3405; x_wconf 92' lang='grc'>4,</span> <span class='ocrx_word' id='word_1_279' title='bbox 277 3325 374 3406; x_wconf 92' lang='grc'>48,1,</span> <span class='ocrx_word' id='word_1_280' title='bbox 395 3325 539 3407; x_wconf 82' lang='lat' dir='ltr'>Jug.46,</span> <span class='ocrx_word' id='word_1_281' title='bbox 556 3325 588 3406; x_wconf 93' lang='grc'>1,</span> <span class='ocrx_word' id='word_1_282' title='bbox 611 3325 661 3408; x_wconf 88' lang='grc'>86,</span> <span class='ocrx_word' id='word_1_283' title='bbox 677 3328 712 3408; x_wconf 89' lang='grc'>2,</span> <span class='ocrx_word' id='word_1_284' title='bbox 735 3324 804 3397; x_wconf 74' lang='lat' dir='ltr'>Cat.</span> <span class='ocrx_word' id='word_1_285' title='bbox 821 3328 871 3409; x_wconf 88' lang='lat'>31,</span> <span class='ocrx_word' id='word_1_286' title='bbox 888 3331 906 3394; x_wconf 83' lang='lat'><strong>3</strong></span> <span class='ocrx_word' id='word_1_287' title='bbox 928 3329 984 3414; x_wconf 89' lang='lat' dir='ltr'>(ad</span> <span class='ocrx_word' id='word_1_288' title='bbox 998 3329 1088 3417; x_wconf 74' lang='lat' dir='ltr'>hoc),</span> <span class='ocrx_word' id='word_1_289' title='bbox 1110 3330 1185 3414; x_wconf 87' lang='lat' dir='ltr'>Jug.</span> <span class='ocrx_word' id='word_1_290' title='bbox 1201 3332 1252 3412; x_wconf 88' lang='grc'>49,</span> <span class='ocrx_word' id='word_1_291' title='bbox 1267 3333 1304 3414; x_wconf 92' lang='grc'>4,</span> 
     </span>
     <span class='ocr_line' id='line_1_33' title="bbox 153 3424 1307 3519; baseline 0.009 -30"><span class='ocrx_word' id='word_1_292' title='bbox 153 3424 253 3508; x_wconf 91' lang='grc'>67,1,</span> <span class='ocrx_word' id='word_1_293' title='bbox 285 3426 388 3508; x_wconf 88' lang='grc'>96,2,</span> <span class='ocrx_word' id='word_1_294' title='bbox 420 3425 497 3509; x_wconf 82' lang='lat' dir='ltr'>Jug.</span> <span class='ocrx_word' id='word_1_295' title='bbox 520 3425 606 3507; x_wconf 90' lang='grc'>20,8</span> <span class='ocrx_word' id='word_1_296' title='bbox 629 3428 818 3514; x_wconf 80' lang='lat' dir='ltr'>(ceterum);</span> <span class='ocrx_word' id='word_1_297' title='bbox 851 3431 1173 3519; x_wconf 81' lang='lat' dir='ltr'>23,1(praeterea);</span> <span class='ocrx_word' id='word_1_298' title='bbox 1203 3435 1254 3516; x_wconf 77' lang='lat'>45,</span> <span class='ocrx_word' id='word_1_299' title='bbox 1271 3436 1307 3516; x_wconf 87' lang='grc'>2,</span> 
     </span>
     <span class='ocr_line' id='line_1_34' title="bbox 154 3527 816 3613; baseline 0.012 -24"><span class='ocrx_word' id='word_1_300' title='bbox 154 3528 204 3609; x_wconf 90' lang='grc'>73,</span> <span class='ocrx_word' id='word_1_301' title='bbox 221 3529 257 3609; x_wconf 76' lang='grc'>71,</span> <span class='ocrx_word' id='word_1_302' title='bbox 280 3529 367 3608; x_wconf 83' lang='grc'>51,4</span> <span class='ocrx_word' id='word_1_303' title='bbox 390 3527 529 3613; x_wconf 85' lang='lat' dir='ltr'>(simul);</span> <span class='ocrx_word' id='word_1_304' title='bbox 555 3528 623 3610; x_wconf 84' lang='lat'>100,</span> <span class='ocrx_word' id='word_1_305' title='bbox 640 3529 673 3610; x_wconf 91' lang='grc'>3,</span> <span class='ocrx_word' id='word_1_306' title='bbox 700 3531 770 3611; x_wconf 89' lang='grc'>101,</span> <span class='ocrx_word' id='word_1_307' title='bbox 786 3533 816 3598; x_wconf 92' lang='grc'>6.</span> 
     </span>
    </p>

    <p class='ocr_par' dir='ltr' id='par_1_3' title="bbox 152 3626 1308 4131">
     <span class='ocr_line' id='line_1_35' title="bbox 236 3626 1307 3723; baseline 0.01 -32"><span class='ocrx_word' id='word_1_308' title='bbox 236 3629 297 3691; x_wconf 90' lang='lat' dir='ltr'>His</span> <span class='ocrx_word' id='word_1_309' title='bbox 320 3628 421 3692; x_wconf 88' lang='lat' dir='ltr'>tribus</span> <span class='ocrx_word' id='word_1_310' title='bbox 435 3626 513 3692; x_wconf 91' lang='lat' dir='ltr'>locis</span> <span class='ocrx_word' id='word_1_311' title='bbox 527 3636 676 3714; x_wconf 90' lang='lat' dir='ltr'>quartum</span> <span class='ocrx_word' id='word_1_312' title='bbox 691 3632 931 3719; x_wconf 83' lang='lat' dir='ltr'>adjungendum</span> <span class='ocrx_word' id='word_1_313' title='bbox 946 3657 1015 3700; x_wconf 89' lang='lat' dir='ltr'>esse</span> <span class='ocrx_word' id='word_1_314' title='bbox 1030 3645 1119 3720; x_wconf 92' lang='lat' dir='ltr'>puto,</span> <span class='ocrx_word' id='word_1_315' title='bbox 1141 3638 1197 3722; x_wconf 94' lang='lat' dir='ltr'>qui</span> <span class='ocrx_word' id='word_1_316' title='bbox 1210 3638 1307 3723; x_wconf 92' lang='lat' dir='ltr'>paulo</span> 
     </span>
     <span class='ocr_line' id='line_1_36' title="bbox 153 3729 1307 3822; baseline 0.011 -31"><span class='ocrx_word' id='word_1_317' title='bbox 153 3736 227 3792; x_wconf 88' lang='lat' dir='ltr'>ante</span> <span class='ocrx_word' id='word_1_318' title='bbox 247 3751 282 3812; x_wconf 84' lang='lat' dir='ltr'>p.</span> <span class='ocrx_word' id='word_1_319' title='bbox 301 3729 360 3792; x_wconf 88' lang='lat'>109</span> <span class='ocrx_word' id='word_1_320' title='bbox 382 3730 469 3814; x_wconf 93' lang='lat' dir='ltr'>apud</span> <span class='ocrx_word' id='word_1_321' title='bbox 491 3731 688 3796; x_wconf 86' lang='lat' dir='ltr'>Frontonem</span> <span class='ocrx_word' id='word_1_322' title='bbox 710 3734 755 3798; x_wconf 91' lang='lat' dir='ltr'>ita</span> <span class='ocrx_word' id='word_1_323' title='bbox 776 3734 905 3820; x_wconf 82' lang='lat' dir='ltr'>legitur:</span> <span class='ocrx_word' id='word_1_324' title='bbox 930 3737 994 3821; x_wconf 88' lang='lat' dir='ltr'>„ita</span> <span class='ocrx_word' id='word_1_325' title='bbox 1014 3738 1202 3822; x_wconf 86' lang='lat' dir='ltr'>imperatori</span> <span class='ocrx_word' id='word_1_326' title='bbox 1222 3761 1307 3804; x_wconf 90' lang='lat' dir='ltr'>novo</span> 
     </span>
     <span class='ocr_line' id='line_1_37' title="bbox 152 3824 1308 3923; baseline 0.013 -33"><span class='ocrx_word' id='word_1_327' title='bbox 152 3827 225 3917; x_wconf 83' lang='lat' dir='ltr'>plus</span> <span class='ocrx_word' id='word_1_328' title='bbox 256 3850 298 3892; x_wconf 91' lang='lat' dir='ltr'>ex</span> <span class='ocrx_word' id='word_1_329' title='bbox 326 3827 417 3894; x_wconf 88' lang='lat' dir='ltr'>malis</span> <span class='ocrx_word' id='word_1_330' title='bbox 446 3833 590 3898; x_wconf 87' lang='lat' dir='ltr'>moribus</span> <span class='ocrx_word' id='word_1_331' title='bbox 619 3834 840 3901; x_wconf 87' lang='lat' dir='ltr'>sollicitudinis</span> <span class='ocrx_word' id='word_1_332' title='bbox 869 3860 964 3923; x_wconf 92' lang='lat' dir='ltr'>quam</span> <span class='ocrx_word' id='word_1_333' title='bbox 991 3824 1038 3902; x_wconf 36' lang='lat' dir='ltr'>ex*</span> <span class='ocrx_word' id='word_1_334' title='bbox 1055 3840 1148 3923; x_wconf 90' lang='lat' dir='ltr'>copia</span> <span class='ocrx_word' id='word_1_335' title='bbox 1169 3839 1308 3905; x_wconf 87' lang='lat' dir='ltr'>militum</span> 
     </span>
     <span class='ocr_line' id='line_1_38' title="bbox 153 3928 1305 4029; baseline 0.012 -37"><span class='ocrx_word' id='word_1_336' title='bbox 153 3928 265 3994; x_wconf 87' lang='lat' dir='ltr'>auxilii</span> <span class='ocrx_word' id='word_1_337' title='bbox 292 3939 348 3995; x_wconf 91' lang='lat' dir='ltr'>aut</span> <span class='ocrx_word' id='word_1_338' title='bbox 373 3933 474 3998; x_wconf 81' lang='lat' dir='ltr'>honae</span> <span class='ocrx_word' id='word_1_339' title='bbox 504 3939 576 4021; x_wconf 83' lang='lat' dir='ltr'>spei</span> <span class='ocrx_word' id='word_1_340' title='bbox 601 3936 791 4002; x_wconf 86' lang='lat' dir='ltr'>accedebat“</span> <span class='ocrx_word' id='word_1_341' title='bbox 823 3940 915 4025; x_wconf 81' lang='lat' dir='ltr'>(Jap.</span> <span class='ocrx_word' id='word_1_342' title='bbox 943 3939 1036 4021; x_wconf 89' lang='grc'>44,2</span> <span class='ocrx_word' id='word_1_343' title='bbox 1064 3938 1186 4026; x_wconf 81' lang='lat' dir='ltr'>,bonae</span> <span class='ocrx_word' id='word_1_344' title='bbox 1216 3944 1305 4029; x_wconf 84' lang='lat' dir='ltr'>spei“</span> 
     </span>
     <span class='ocr_line' id='line_1_39' title="bbox 152 4031 1306 4131; baseline 0.014 -37"><span class='ocrx_word' id='word_1_345' title='bbox 152 4031 256 4095; x_wconf 81' lang='grc' dir='ltr'>ΜΜι</span> <span class='ocrx_word' id='word_1_346' title='bbox 273 4032 862 4124; x_wconf 65' lang='lat' dir='ltr'>MlTllemm²gg⁴g⁵g⁶g⁷</span> <span class='ocrx_word' id='word_1_347' title='bbox 878 4051 907 4105; x_wconf 70' lang='lat' dir='ltr'>s²</span> <span class='ocrx_word' id='word_1_348' title='bbox 923 4039 954 4123; x_wconf 92' lang='lat' dir='ltr'>h,</span> <span class='ocrx_word' id='word_1_349' title='bbox 979 4046 1069 4126; x_wconf 76' lang='lat' dir='ltr'>„spei</span> <span class='ocrx_word' id='word_1_350' title='bbox 1089 4045 1210 4109; x_wconf 82' lang='lat' dir='ltr'>hoaac“</span> <span class='ocrx_word' id='word_1_351' title='bbox 1234 4047 1306 4131; x_wconf 88' lang='lat' dir='ltr'>rel.)</span> 
     </span>
    </p>
   </div>
   <div class='ocr_carea' id='block_1_3' title="bbox 0 0 1472 4492">
    <p class='ocr_par' dir='ltr' id='par_1_4' title="bbox 0 0 1472 4492">
     <span class='ocr_line' id='line_1_40' title="bbox 0 0 1472 4492; baseline 0 0"><span class='ocrx_word' id='word_1_352' title='bbox 0 0 1472 4492; x_wconf 95' lang='lat' dir='ltr'> </span> 
     </span>
    </p>
   </div>
  </div>
 </body>
</html>
