2926 4492
649 81 796 178 „aq

147 303 229 368 quae
251 289 345 346 antea
366 282 622 345 commemoratis
644 280 792 346 addenda
812 288 870 362 est,
892 280 1091 366 adjungitur3
1126 280 1195 346 Oat.
1218 279 1307 366 1'3,2

149 383 302 472 („quibus
330 382 408 446 mihi
436 383 586 447 videntur
607 381 746 448 ludibrio
774 382 874 448 fuisse
897 382 1043 464 divitiae3
1076 383 1197 469 quippe
1219 409 1308 471 qaas

149 484 279 550 honeste
301 476 420 550 habere
442 483 576 567 licebat,
612 484 702 549 abuti
722 507 781 570 per
801 484 1031 571 turpitudinem
1053 473 1309 572 properabant“)

149 595 181 651 et
202 587 278 672 Jug.
293 587 380 668 54,ss
404 590 500 674 (quae
522 587 653 671 negotia
676 624 712 634 -
736 609 845 671 regem
867 585 1043 652 terrebant:
1065 587 1186 671 quippe
1208 590 1309 674 cujas

148 710 221 774 spes
246 726 283 735 -
307 689 368 753 sita
390 699 471 772 erat,
504 689 595 775 sequi
617 687 807 773 cogebatur,
841 689 950 774 etqui
975 726 1011 736 -
1035 689 1237 773 nequiverat,
1273 690 1308 752 in

147 789 259 855 alienis
280 788 398 856 bellum
420 791 566 876 gerere“)
589 789 677 854 aliud
698 811 876 875 pronomen
896 788 1066 854 relativum
1086 792 1270 855 intervenit.

232 893 336 958 Venio
367 891 409 956 ad
434 891 662 974 testimonium,
692 891 778 977 quod
805 891 922 978 legitur
942 891 984 954 ad
1007 891 1084 955 Hac.
1106 892 1170 973 III,
1193 891 1223 974 3,
1249 893 1308 956 18:

148 995 201 1058 Ad
223 1016 330 1078 genua
352 993 482 1057 accidit:
504 994 660 1058 Accidere
682 1003 731 1058 est
750 1003 844 1079 gestu
866 993 1007 1078 corporis
1023 992 1189 1058 ostendere
1204 994 1310 1058 humi-

148 1095 269 1159 litatem
292 1096 445 1179 cadentis,
472 1104 604 1181 propter
627 1095 720 1178 ,ad“,
742 1095 829 1181 quod
850 1105 899 1161 est
921 1097 1063 1182 ,juxta“,
1085 1103 1118 1160 et
1139 1095 1308 1178 „cadere“‚

151 1196 309 1263 Salustius
336 1206 444 1262 autem
473 1199 541 1262 siue
562 1198 800 1283 praepositione
822 1195 922 1262 dixit:
956 1196 1054 1280 „Qua
1076 1199 1225 1262 occidam
1249 1207 1309 1262 aat

150 1301 255 1386 ᾳπιοῖα
300 1301 373 1365 Hoc
394 1300 622 1383 testimonium,
643 1321 716 1364 oum
737 1299 838 1364 verba
858 1323 900 1365 ex
921 1300 1064 1364 oratione
1086 1309 1215 1384 sumpta
1233 1300 1308 1381 sint,

149 1403 191 1467 ad
216 1403 419 1489 Ja9.14,17
446 1403 606 1488 pertinere
635 1401 772 1482 videtur,
799 1399 856 1465 ubi
883 1402 918 1465 in
947 1401 1095 1466 omnibus
1122 1401 1212 1466 libris
1242 1410 1307 1465 est:
1333 1462 1348 1469 -

149 1506 263 1582 „Nunc
285 1527 363 1570 vero
385 1503 460 1570 exul
481 1504 587 1589 patria
604 1502 710 1586 domo,
734 1503 819 1567 solus
834 1511 930 1588 atque
945 1503 1087 1567 omnium
1102 1503 1309 1566 honestarum

148 1628 257 1670 rerum
285 1628 392 1690 egens,
428 1629 491 1691 qao
517 1607 686 1685 adcedam,
715 1614 773 1668 aat
799 1628 878 1690 quos
908 1604 1090 1690 appellem?
1119 1605 1309 1670 nationesne

148 1729 189 1771 an
206 1707 273 1794 (vel
288 1710 398 1792 „aut“)
413 1706 547 1793 reges‘?“
564 1708 657 1791 etc.¹)
694 1707 860 1773 Donatum
881 1707 915 1771 in
937 1729 994 1772 suo
1015 1707 1097 1771 libro
1121 1705 1307 1787 „accidam“

148 1831 208 1895 pro
238 1810 428 1894 „accedamu
457 1808 572 1894 legisse
599 1817 701 1894 patet;
730 1809 816 1895 quod
842 1808 993 1874 mendum
1016 1810 1194 1893 scripturae
1217 1809 1309 1874 testis

150 1919 208 1992 est,
226 1913 296 1999 jam
317 1912 457 1999 antiquis
479 1911 678 1997 temporibus
703 1914 756 1995 „e“
780 1920 813 1975 et
835 1913 887 1995 ,i“
910 1912 945 1973 in
965 1909 1056 1975 libris
1074 1910 1207 1974 confusa
1222 1933 1309 1976 esse:

65 2070 67 2077 ,
112 2079 122 2094 ,
149 2035 223 2077 nam
248 2015 326 2099 quin
347 2035 423 2078 vera
444 2015 486 2079 sit
506 2012 600 2078 lectio
625 2012 828 2097 „accedam“,
851 2012 992 2077 dubitari
1013 2034 1077 2076 nou
1092 2021 1210 2098 potest,
1233 2012 1310 2098 quia

151 2124 328 2200 sequuntur
355 2115 455 2180 verba
482 2116 685 2200 „nationesne
717 2137 758 2177 an
785 2119 912 2198 reges“;
944 2114 986 2178 ad
1014 2117 1197 2198 „nationes“
1225 2136 1304 2179 vero

149 2218 208 2280 vix
232 2226 307 2303 apte
332 2217 443 2282 referri
463 2239 560 2302 posse
584 2217 771 2300 „accidam‘ss¹
790 2224 876 2280 recte
898 2215 998 2280 Fabri
1019 2217 1152 2298 monuit,
1181 2214 1308 2280 adhoc

151 2340 224 2382 cum
241 2317 410 2382 Sallustius
433 2317 620 2403 saepissime
642 2317 771 2382 easdem
793 2318 967 2383 sententias
988 2318 1103 2383 iisdem
1118 2320 1184 2382 fere
1198 2315 1308 2382 verbis

149 2421 265 2485 iterum
287 2421 468 2506 iterumque
489 2421 679 2505 praesertim
699 2421 734 2484 in
757 2419 954 2486 orationibus
975 2420 1116 2505 proferat
1139 2419 1308 2504 (Eussner,

150 2544 183 2608 p.
201 2522 275 2604 1793
297 2520 395 2585 Fabri
417 2521 459 2586 ad
479 2520 555 2607 Jug.
571 2522 622 2600 80,
637 2521 684 2608 5),
704 2520 874 2587 lectionem
898 2522 1088 2606 ,accedam“
1110 2520 1216 2584 fulciri
1237 2543 1308 2586 ver·

151 2625 212 2706 bis,
238 2645 321 2709 quae
343 2629 373 2706 ἓ.
391 2626 431 2690 15
458 2624 607 2709 leguntur
628 2625 718 2708 („aut
744 2645 807 2708 quo
829 2664 870 2673 -
892 2624 1093 2710 adcedam“).
1135 2623 1309 2688 Praeterea

154 2745 238 2811 ,quo
260 2725 430 2790 accedam“
453 2725 568 2790 melius
591 2725 748 2812 quadrare
769 2725 896 2790 videtur
916 2725 958 2788 ad
979 2727 1077 2791 verba
1093 2725 1189 2808 ,aaut
1203 2724 1309 2808 patria

152 2826 286 2910 domo“;
316 2826 357 2893 cf.
380 2828 477 2891 etiam
504 2828 601 2913 paulo
633 2836 707 2913 post
736 2826 873 2909 ,aurea
917 2826 1013 2906 Quod
1035 2825 1121 2911 apud
1141 2826 1308 2889 Donatum

151 2928 269 3013 legitur
292 2936 377 3016 ,qua
399 2951 467 2997 acc.
490 2939 548 2994 aat
569 2934 663 3015 qao“,
693 2927 828 3012 cogitari
849 2927 961 3013 possit,
993 2931 1094 3012 „quo“
1118 2935 1306 3012 corruptum

152 3052 222 3095 esse
250 3053 293 3096 ex
320 3034 456 3118 „quos“:
484 3052 559 3094 nam
587 3030 714 3115 saepius
736 3029 883 3093 Donatus
905 3050 972 3092 non
992 3038 1092 3094 totam
1114 3029 1306 3094 sententiam

152 3132 318 3216 exscribit,
347 3133 404 3198 sed
434 3133 537 3199 allatis
564 3129 723 3196 nonnullis
744 3130 852 3195 verbis
874 3131 991 3195 desinit
1013 3130 1069 3216 (cf.
1091 3129 1133 3193 ad
1154 3131 1240 3212 Eun.
1262 3129 1308 3211 II,

152 3236 182 3318 3,
205 3237 260 3301 21:
288 3239 408 3318 ,nostri
429 3236 524 3300 foeda
544 3234 659 3318 fuga“;
686 3233 728 3297 ad
749 3232 849 3296 Andr.
866 3232 905 3314 V,
921 3233 952 3310 4,
967 3232 1023 3297 36:
1046 3255 1107 3315 ,ne
1127 3233 1190 3296 ista
1210 3229 1307 3296 nobis

152 3337 362 3403 mansuetudo
382 3348 414 3402 et
435 3334 699 3420 misericordia).
739 3333 805 3398 Sed
825 3343 893 3399 tum
914 3333 1008 3398 lectio
1031 3339 1138 3420 ,qaa“
1160 3334 1229 3400 sine
1251 3355 1307 3398 ex·

151 3437 324 3524 plicatione
351 3447 449 3522 esset,
477 3437 518 3501 ad
546 3436 608 3501 hoc
636 3436 736 3501 verba
765 3445 840 3519 ,aut
872 3440 971 3522 quos“
1005 3435 1164 3501 ascribere
1197 3458 1308 3521 super-

151 3563 330 3606 vacaneum
352 3549 433 3604 erat:
463 3538 682 3626 quamobrem,
703 3538 767 3602 nisi
787 3539 868 3603 forte
889 3539 1054 3603 Donatum
1076 3545 1177 3602 totum
1198 3539 1307 3602 locum

153 3664 278 3706 summa
300 3664 374 3706 cum
396 3640 593 3726 negligentia
613 3639 758 3706 attulisse
772 3641 951 3725 putandum
966 3649 1024 3721 est,
1046 3640 1219 3725 scripturas
1235 3638 1307 3703 illas

226 3876 250 3942 ¹)
263 3879 296 3928 In
317 3893 357 3942 eo,
377 3877 449 3944 quod
468 3878 573 3929 titulum
593 3877 655 3928 libri
674 3878 798 3927 Donatus
816 3892 870 3928 non
889 3875 1003 3939 addidit,
1023 3875 1123 3926 offendi
1136 3892 1189 3926 non
1203 3879 1307 3942 potest;

152 3985 213 4019 nam
234 3971 354 4036 exceptis
375 3974 501 4035 quattuor
512 3969 579 4020 locis
596 3965 643 4034 (ad
655 3969 762 4019 Phorm.
775 3968 815 4031 H,
831 3968 855 4030 1,
868 3967 917 4030 623
937 3967 959 4028 1,
974 3967 1000 4030 2,
1014 3967 1065 4030 80;
1085 3968 1154 4019 Hec.
1168 3969 1200 4030 V,
1215 3967 1240 4032 1,
1255 3967 1307 4032 39;

152 4062 220 4113 Eun.
242 4060 290 4126 IV,
310 4060 335 4126 6,
352 4061 397 4130 12)
416 4062 514 4127 ubique
534 4076 593 4111 eum
613 4061 801 4126 praetermisit.
