2926 4492
705 65 850 164 *roa-

197 290 272 335 cum
294 269 355 333 hoc
376 265 477 335 verba
499 267 598 352 „locis
616 266 1083 355 aequioribus“conjungenda
1097 290 1167 334 esse
1182 268 1358 352 adnotavit,

197 393 288 458 quae·
302 371 454 453 indicent,
477 390 541 456 qua
562 393 597 435 re
612 370 760 436 effectum
779 370 831 452 sit,
853 378 889 433 ut
903 369 1074 456 expeditus
1090 370 1249 436 Antonius
1264 381 1357 445 esset,

197 475 241 538 At
262 483 330 539 tum
352 474 406 556 „in
427 472 524 557 fuga“
546 495 677 558 prorsus
698 495 763 536 non
777 470 906 555 habere,
929 494 993 558 quo
1012 473 1180 538 commode
1194 473 1359 559 referatur,

198 575 337 639 ostendit
347 574 543 642 Dietschius.
577 575 685 656 Quare
699 575 752 640 hic
767 585 840 641 ante
855 574 955 641 verba
970 576 1024 658 „in
1038 575 1136 660 1555ιζ
1152 576 1358 641 inserendum

197 699 266 742 esse
289 679 414 742 censuit
435 677 646 763 „inpeditos“,
669 677 864 742 Ritschelius
884 678 981 765 (Mus.
997 677 1098 743 Rhen.
1114 679 1210 762 XXI,
1232 701 1264 765 p.
1279 681 1357 764 319)

198 779 391 862 „tardatos“.
435 779 501 844 Sed
515 781 667 866 primum,
684 799 757 844 oum
772 780 806 843 in
821 781 877 862 eis,
895 801 977 865 quae
992 781 1140 864 proxime
1155 781 1357 864 antecedunt,

197 904 356 969 nusquam
373 880 550 946 Catilinarii
566 892 864 965 commemorentur,
884 881 945 946 hoc
960 881 1032 946 loco
1047 885 1236 968 scriptorem
1251 884 1359 949 verbis

198 984 688 1071 ,1555111051551,1551510519
719 986 752 1048 in
779 985 878 1068 fuga“
906 994 972 1048 tam
1001 1006 1115 1070 parum
1144 985 1275 1050 definite
1302 1007 1359 1050 eos
1440 974 1443 979 ’

197 1086 379 1171 significare
394 1088 510 1150 mirum
526 1096 618 1152 esset.
661 1087 799 1169 Deinde,
822 1086 856 1150 id
878 1086 963 1173 quod
985 1087 1086 1151 verba
1107 1110 1230 1170 „aeque
1251 1097 1360 1153 tomen

197 1190 376 1254 Antonias.
400 1189 512 1274 procul
548 1189 678 1255 aberat“
715 1187 890 1254 clarissime
927 1189 1162 1272 demonstrant,
1198 1189 1360 1254 Antonius

198 1313 315 1376 magno
342 1292 486 1356 exercitu
514 1289 593 1356 locis
625 1293 830 1379 aequioribus
858 1291 1027 1376 expeditus
1059 1290 1266 1376 proficiscens
1294 1313 1360 1356 non

197 1405 264 1459 tam
287 1393 481 1458 Catilinariis
509 1416 604 1480 quam
633 1395 773 1480 praetori
795 1393 834 1474 Q,
857 1393 985 1459 Metello
1010 1392 1124 1477 Oeleri,
1147 1393 1187 1459 de
1210 1416 1273 1480 quo
1292 1393 1360 1457 Sal-

198 1496 312 1560 lustius
334 1496 416 1562 dixit
438 1498 470 1559 in
493 1498 557 1578 eis,
581 1518 663 1582 quae
685 1497 832 1581 proxime
853 1498 1066 1580 praecedunt,
1089 1497 1276 1582 opponitur:
1303 1497 1360 1560 ita·

199 1620 261 1684 que
282 1598 316 1661 in
338 1597 391 1660 illo
414 1599 595 1680 enunciat0,
618 1597 705 1684 quod
720 1596 878 1662 vocabulo
898 1604 1048 1683 „utpote“
1070 1600 1195 1683 incipit,
1217 1599 1360 1661 maxime

198 1701 260 1765 hoo
288 1699 533 1785 exprimendum
556 1721 626 1764 esse
655 1709 757 1788 patet,
785 1699 946 1786 quomodo
972 1699 1093 1765 factum
1122 1701 1178 1782 sit,
1205 1710 1242 1765 ut
1262 1701 1360 1765 etiam

198 1804 358 1866 Antonius
388 1824 463 1866 eum
492 1803 636 1866 exercitu
666 1823 731 1865 non
758 1802 871 1888 procul
900 1802 1037 1867 abesset.
1095 1803 1156 1866 His
1185 1802 1225 1866 de
1253 1804 1361 1867 causis

199 1926 273 1968 cum
294 1905 436 1969 Iordane
458 1903 558 1968 verba
580 1904 633 1988 „in
655 1904 753 1989 fugat
782 1914 818 1970 ut
839 1904 999 1988 glossema
1022 1905 1180 1991 ejicienda
1201 1927 1272 1970 esse
1293 1905 1362 1968 exi-

198 2008 307 2071 stimo:
337 2028 411 2070 nam
439 2008 485 2072 ita
506 2007 639 2072 Antonii
661 2007 822 2071 exercitus
848 2028 914 2070 non
946 2007 1049 2071 solum
1080 2007 1275 2073 Catilinariis
1302 2029 1362 2094 per

197 2118 323 2173 montes
345 2111 406 2176 iter
426 2109 617 2173 facientibus
634 2111 699 2196 (56,
712 2111 748 2192 4,
771 2109 885 2193 51,1),
907 2109 964 2173 sed
988 2111 1084 2175 etiam
1106 2111 1221 2174 minori
1240 2109 1362 2174 Metelli

199 2213 355 2278 exercitui
376 2234 436 2297 per
450 2221 575 2276 montes
592 2209 762 2276 Catilinam
778 2213 992 2276 antevenienti
1007 2214 1189 2298 opponitur.
1233 2213 1279 2277 Ut
1298 2211 1361 2275 hoc

198 2313 268 2379 loco
285 2313 325 2378 de
340 2315 481 2378 Antonio
497 2314 574 2400 „qui
588 2311 667 2376 locis
682 2311 887 2397 aequioribus
903 2320 1109 2399 5555555155κ
1125 2316 1170 2379 115
1183 2314 1259 2399 Jug.
1276 2315 1360 2396 55,8

198 2417 238 2481 de
260 2416 421 2502 Jugurtha
443 2438 521 2502 ,per
542 2413 632 2479 collis
653 2415 763 2500 sequi“
794 2415 914 2479 dictum
943 2426 1001 2480 est.
1054 2416 1164 2481 Verba
1187 2417 1240 2499 „in
1260 2418 1359 2501 fuga“

198 2520 342 2603 ascripta
363 2540 434 2583 esse
456 2520 497 2584 ab
519 2517 763 2604 interpolatore,
793 2517 849 2603 qui
870 2519 1004 2604 „sequi“
1032 2517 1117 2582 nude
1139 2519 1280 2604 positum
1303 2518 1359 2604 (of.

197 2620 274 2704 Jug.
290 2622 340 2702 55,
358 2621 393 2703 8,
416 2621 467 2704 59,
482 2623 516 2704 3,
542 2621 683 2703 101,11;
706 2621 757 2703 54,
774 2621 808 2702 8,
831 2622 882 2702 91,
897 2621 932 2707 4)
955 2643 1068 2705 parum
1089 2620 1290 2705 intelligeret,
1313 2622 1359 2684 515

197 2723 337 2808 receptis
358 2721 505 2788 librarios
526 2724 560 2786 in
582 2722 680 2788 verbo
701 2726 928 2808 „sequeretur“
950 2720 1095 2787 absolute
1116 2722 1240 2808 prolato
1263 2722 1359 2788 offen-

199 2825 310 2889 dentes
341 2822 394 2909 (cf.
419 2823 488 2888 Cat.
511 2824 562 2907 54,
582 2826 617 2910 6)
650 2826 863 2910 „expeditus“
895 2824 929 2886 in
962 2823 1171 2909 „expedit0s“
1206 2834 1359 2907 mutasse,

197 2925 291 2990 facile
318 2925 521 3010 perspicitur.
578 2925 811 2990 Testimonium
840 2925 998 2989 Prisciani
1026 2927 1112 2990 hunc
1142 2925 1248 2990 locum
1281 2927 1359 2991 anti·

199 3031 307 3115 quitus
328 3028 362 3091 in
381 3027 473 3092 libris
496 3024 639 3091 Sallustii
660 3028 806 3092 vitiatum
828 3050 899 3093 esse
919 3027 1050 3093 indicat.

282 3132 361 3216 Jap.
387 3129 491 3212 110,2
512 3150 621 3194 veram
648 3152 717 3194 esse
738 3128 907 3195 lectionem
930 3129 1057 3212 „multis
1084 3127 1261 3212 orantibus,
1286 3129 1358 3195 aliis

198 3233 282 3298 ultro
305 3241 433 3316 egomet
455 3253 548 3317 opem
570 3231 642 3315 tuli,
671 3231 788 3296 nullius
816 3232 975 3317 indipai“
1000 3272 1036 3281 -
1060 3255 1143 3319 quae
1164 3233 1264 3298 verba
1285 3255 1359 3297 con·

198 3337 295 3400 trarie
317 3333 417 3399 relata
439 3342 513 3398 sunt
537 3373 572 3383 -
596 3357 661 3399 505
682 3334 733 3418 id,
761 3334 848 3421 quod
870 3335 962 3398 VP²
978 3334 1068 3398 P³B
1089 3335 1254 3421 praebent,
1285 3338 1357 3417 „ia-

200 3439 331 3524 51195511
354 3436 522 3501 confirmat
547 3438 766 3502 testimonium
787 3438 947 3502 Prisciani
968 3438 1097 3520 XVIII,
1114 3462 1151 3523 p.
1174 3438 1245 3502 323.
1304 3437 1359 3501 Ad

199 3539 277 3622 hoo,
300 3540 356 3625 qui
376 3538 477 3605 verba
498 3561 550 3621 55,
574 3561 656 3626 quae
677 3540 872 3606 antecedunt
894 3541 939 3628 (ξ.
964 3543 979 3604 1
1002 3562 1166 3627 nunquam
1189 3561 1248 3625 ego
1270 3552 1359 3605 ratus

199 3664 272 3706 sum
292 3642 371 3723 fore,
393 3642 439 3705 uti
460 3665 519 3706 rex
540 3664 710 3708 maxumus
732 3645 765 3705 in
788 3642 848 3708 hac
869 3652 955 3707 terra
977 3651 1009 3707 et
1030 3644 1173 3706 omnium
1189 3664 1268 3728 quos
1283 3645 1358 3707 novi

194 3747 329 3829 privato
353 3745 478 3808 105551
499 3747 643 3831 pretium
666 3743 833 3830 deberem),
856 3753 956 3827 5155,
978 3767 1061 3830 quae
1084 3755 1263 3832 sequuntur
1279 3748 1358 3833 (§.3

198 3846 231 3909 id
254 3847 473 3926 imminutum,
504 3846 590 3932 quod
620 3850 718 3911 ceteri
746 3847 852 3911 dolere
875 3847 991 3928 solent,
1020 3870 1080 3933 ego
1108 3847 1224 3913 laetor:
1247 3850 1360 3934 faerit

199 3950 282 4012 55111
304 3951 431 4033 spuisse
455 3950 637 4034 aliquando
668 3959 743 4015 1555
773 3952 963 4036 5551011155),
987 3959 1106 4016 5115510
1132 3952 1282 4038 perlegit,
1311 3951 1357 4013 in-

200 4051 295 4114 fitiari
318 4073 380 4115 non
403 4061 522 4136 potest,
551 4054 585 4115 in
612 4054 719 4118 media
746 4051 802 4116 illa
829 4055 1051 4120 enuntiatione
1075 4056 1120 4140 (ξ.
1143 4056 1177 4139 2)
1201 4075 1357 4116 summam
