2926 4492
750 67 854 130 98·

190 272 223 335 Χ
229 271 315 352 VHI,
334 292 371 355 p.
387 269 451 332 320
474 267 599 351 „Sedeo
621 269 654 331 in
677 272 804 334 monte“
829 276 861 334 et
885 270 936 352 „in
958 272 1119 333 montem“
1144 278 1177 334 et
1200 275 1348 354 ,monte“

189 383 221 439 et
245 373 423 457 „montem“
448 407 487 416 —
512 407 552 420 -
575 369 747 435 Sallustius
768 371 802 435 in
823 369 1035 456 Jugurthino:
1059 371 1241 456 ,Jugurtha
1262 381 1351 438 exte·

188 484 287 539 nuata
308 494 439 537 suorum
460 473 529 538 acie
550 483 687 538 montem
708 474 847 539 insedit“
866 474 959 560 (Jeep.
973 473 1026 557 49,
1040 476 1056 537 1
1072 473 1203 559 legitur:
1227 475 1351 560 ,Igitur

188 579 225 642 in
247 599 283 642 eo
306 574 382 641 colle
397 613 438 623 —
454 572 529 660 Jug.
553 583 618 642 ext.
642 597 773 640 suorum
794 577 864 642 acie
886 576 1040 657 consedit,
1064 612 1102 623 —
1124 577 1195 663 ipse
1217 579 1351 663 propior

188 689 321 744 montem
346 699 418 741 cum
442 677 529 740 omni
551 678 696 763 equitatu
712 688 743 745 et
757 678 919 764 peditibus
935 676 1066 742 delectis
1088 700 1163 744 suos
1179 679 1349 763 collocat“;

189 783 276 847 Hist.
292 781 319 862 I,
336 782 370 845 9:
395 777 524 864 „plebes
539 817 578 829 —
595 790 718 846 armata
739 791 874 846 montem
897 803 1023 846 sacrum
1039 789 1137 868 atque
1152 781 1349 847 Aventinum

91 962 94 967 Ι
187 885 347 965 insedit“;
370 883 404 945 in
424 880 518 963 libro,
541 904 605 968 quo
627 883 811 947 Priscianus
832 904 911 948 usus
926 894 984 967 est,
1005 882 1167 970 glossema
1188 896 1350 961 „montem

187 984 323 1051 insedit“
346 1005 406 1069 pro
421 984 522 1049 verbo
546 984 730 1068 ,consedit“
752 985 928 1070 irrepsisse,
953 1007 1026 1049 cum
1049 985 1219 1051 antecedat
1242 989 1299 1071 „ia
1314 1011 1350 1051 eo

188 1088 297 1170 colle“,
326 1088 432 1150 minus
455 1085 608 1151 credibile
631 1085 768 1169 videtur,
796 1108 981 1172 quanquam
1003 1086 1112 1169 verba,
1142 1088 1259 1172 quibus
1282 1089 1350 1154 sal-

187 1191 304 1256 lustius
326 1187 412 1252 illam
435 1189 601 1273 regionem
623 1188 795 1273 descripsit
817 1226 856 1236 -
878 1190 930 1272 48,
946 1190 981 1253 3:
1005 1212 1068 1272 „ex
1089 1211 1127 1255 eo
1151 1191 1209 1276 (sc.
1224 1193 1348 1277 monte)

189 1293 295 1358 medio
324 1292 418 1376 quasi
445 1289 534 1354 collis
564 1291 745 1356 oriebatur“
769 1331 810 1340 -
830 1291 966 1356 fortasse
993 1312 1105 1356 ansam
1133 1291 1348 1378 interpolandi

156 1387 158 1392 ⁵
188 1396 265 1461 dare
291 1402 466 1479 potuerunt
493 1399 525 1456 et
553 1390 616 1455 duo
646 1391 721 1463 Sall,
751 1392 826 1456 libri
855 1392 973 1458 similia
998 1395 1155 1478 praebent
1165 1396 1203 1480 ¹).
1246 1395 1349 1458 Voca-

187 1495 300 1564 bulum
323 1499 492 1581 „suorum“
516 1495 557 1559 ab
586 1493 676 1559 libris
698 1517 762 1559 non
785 1494 959 1560 admodum
987 1505 1172 1581 suspectum
1197 1534 1233 1544 -
1260 1498 1349 1580 ,acie

189 1602 340 1666 suorum“
372 1599 421 1662 Ρ4
443 1610 475 1661 s¹
501 1607 536 1660 s²
558 1595 578 1678 l,
613 1617 690 1681 ,sue
717 1610 787 1661 ac.a
816 1599 873 1680 P²,
905 1599 1012 1684 „aeter
1035 1620 1061 1662 s.
1076 1596 1096 1662 l.
1113 1598 1150 1680 B,
1176 1602 1347 1682 ,suorum“

189 1724 251 1767 om.
273 1724 305 1787 p,
331 1721 482 1786 ,suorum
503 1706 567 1763 ext.
590 1702 658 1762 ac.“
683 1716 701 1762 o
724 1700 821 1762 —in
843 1701 1058 1785 suspicionem
1086 1709 1236 1765 vocatum
1259 1711 1309 1764 est
1330 1723 1356 1763 e.

188 1802 359 1869 Dietsohio
381 1823 497 1865 comm.
520 1822 552 1886 p.
574 1801 631 1883 805
655 1799 880 1884 dubitaverim,
903 1825 945 1864 an
966 1803 1081 1867 vitiose
1104 1800 1285 1865 derivatum
1307 1803 1350 1865 sit

189 1905 337 1970 everbis
369 1905 459 1989 ,ipse
481 1943 522 1951 —
548 1924 625 1967 suos
652 1903 829 1971 conlocat“.
884 1903 973 1968 Infra
1004 1902 1065 1978 alii,
1089 1901 1153 1967 loci
1183 1925 1350 1968 enumera-

187 2007 316 2087 buntur,
340 2004 457 2091 quibus
480 2005 662 2069 Priscianus
685 2005 797 2071 eadem
819 2005 1025 2090 glossemata,
1048 2027 1130 2090 quae
1152 2007 1254 2070 nostri
1274 2006 1350 2072 libri

189 2095 300 2172 omnes
329 2117 384 2172 aut
410 2107 554 2193 plerique
585 2107 749 2189 exhibent,
778 2106 895 2193 legisse
925 2108 1105 2192 videatur);
1126 2108 1190 2189 ·VI,
1208 2131 1246 2192 p.
1269 2109 1348 2172 243:

187 2210 350 2274 invenitur
375 2210 471 2273 etiam
504 2209 638 2295 „plebes
665 2204 801 2294 plebeis
824 2208 994 2274 Sallustius
1023 2213 1057 2273 in
1083 2211 1099 2274 1
1129 2208 1349 2274 historiarum:

191 2312 314 2398 ,plebei
328 2312 543 2377 tribuniciam
558 2314 768 2397 potestctcrn“
786 2311 875 2396 (nam
894 2309 1004 2395 „plebs
1022 2310 1146 2396 plebis“
1162 2310 1242 2376 facit
1255 2333 1348 2396 gene-

188 2415 318 2500 tivum).
362 2414 449 2476 Hist.
477 2411 579 2494 Les,
597 2413 637 2476 14
657 2412 833 2477 Vaticanus
861 2411 976 2478 habet:
1011 2412 1222 2496 „concordiae
1247 2415 1352 2498 gratia

188 2517 401 2581 tribuniciam
425 2523 614 2599 potestatem
643 2516 776 2598 restitui,
806 2538 848 2579 ex
871 2537 935 2600 qua
962 2537 1073 2580 omnes
1097 2514 1276 2579 discordiae
1297 2536 1349 2578 ac-

190 2621 343 2700 censae“;
374 2618 401 2680 si
422 2617 464 2680 ad
492 2616 578 2681 hunc
605 2615 712 2681 locum
740 2618 958 2683 testimonium
984 2616 1143 2681 Prisciani
1164 2616 1350 2702 pertineret,

192 2718 338 2807 ,plebei“
360 2719 486 2783 dativus
515 2727 615 2784 esset:
644 2719 700 2784 sed
722 2720 750 2782 is
772 2742 838 2783 non
866 2718 969 2783 solum
998 2719 1178 2802 superfluus
1201 2719 1256 2805 (cf.
1280 2717 1350 2782 Oet.

190 2824 302 2909 38,1),
326 2821 384 2886 sed
406 2822 500 2886 etiam
522 2822 627 2885 minus
647 2819 911 2905 accommodatus
934 2820 975 2884 ad
997 2819 1082 2885 hunc
1105 2819 1210 2884 locum
1226 2819 1352 2885 videtur

190 2934 322 3011 propter
343 2924 452 3006 verba,
482 2945 564 3010 quae
587 2924 735 3007 opposita
757 2930 845 2986 eunt:
869 2945 931 3005 „ex
953 2943 1017 3007 qua
1039 2943 1149 2986 omnes
1172 2920 1352 2986 discordiae

191 3032 378 3108 accensae“,
408 3026 526 3111 quibus
549 3025 588 3090 de
617 3032 684 3089 tota
711 3025 841 3089 civitate
863 3025 1022 3110 cogitetur
1031 3026 1075 3111 2);
1106 3045 1283 3110 quaecum
1306 3025 1352 3088 ita

192 3130 266 3211 sint,
287 3129 533 3213 grammaticum
556 3127 740 3191 memoriter
762 3128 915 3190 citantem
937 3125 1045 3211 plures
1066 3126 1153 3190 locos
1168 3125 1352 3190 confudisse

189 3241 269 3317 puto
293 3229 500 3317 („tribunicia
519 3233 680 3315 potestas“
706 3228 834 3313 saepius
857 3226 945 3313 apud
968 3227 1165 3313 Sallustium,
1188 3230 1273 3294 Hist.
1291 3229 1353 3310 III,

191 3334 243 3417 61,
261 3335 300 3396 15
324 3331 490 3417 „tribunos
508 3330 632 3414 pleone
657 3331 799 3418 legitur).

277 3433 359 3499 Cum
381 3455 422 3497 ne
445 3433 485 3496 de
507 3435 553 3497 eis
576 3433 705 3520 quidem
727 3433 845 3516 verbis,
873 3454 1009 3519 quorum
1032 3454 1129 3497 causa
1149 3432 1256 3497 locum
1279 3431 1353 3497 alle-

192 3545 257 3622 gat,
281 3537 446 3602 Prisciano
470 3536 547 3600 satis
577 3535 665 3600 credi
694 3556 790 3621 posse
811 3544 976 3621 appareat,
1006 3545 1092 3601 recte
1121 3545 1218 3622 atque
1241 3534 1353 3600 ordine

267 3780 293 3846 ¹)
314 3783 449 3843 „Mortem
476 3782 526 3847 {tl
545 3783 574 3846 ip
595 3779 736 3832 concedit“
757 3782 805 3843 1³³,
833 3781 990 3842 „consedit“
1011 3797 1069 3846 sup.
1091 3782 1152 3842 „vel
1170 3783 1199 3831 in
1219 3778 1352 3832 montem“

194 3876 234 3925 B:
258 3874 327 3923 haec
355 3873 520 3937 glossemata
547 3888 562 3922 e
586 3875 738 3925 testimonio
758 3874 890 3924 Prisciani
915 3872 992 3923 illata
1018 3888 1076 3924 esee
1103 3873 1242 3936 videntum
1271 3874 1353 3923 Bren-

193 3971 257 4016 tano
277 3982 302 4031 p.
324 3965 368 4016 22.

268 4056 292 4122 ²)
313 4055 353 4107 Of.
374 4057 405 4109 Ε.
426 4055 459 4105 de
479 4056 606 4107 Leutsch.
627 4056 724 4108 Philol.
743 4057 818 4120 XXI,
838 4073 864 4122 p.
886 4057 929 4106 19.
