2926 4492
730 49 750 108 ὃ

240 253 370 318 seneca
399 249 522 328 rhetor,
551 250 608 333 qui
636 257 779 313 controv.
802 247 904 329 XVII,
934 246 972 311 18
1000 247 1156 331 („deduxi
1185 247 1228 311 ad
1257 269 1315 314 vos

156 372 257 432 reum,
280 350 424 413 omnium
445 371 526 435 quos
547 359 633 415 terra
653 350 788 414 sustinet
809 349 1106 434 nocentissimum“)
1129 347 1229 413 verba
1250 349 1314 434 illa,

157 473 239 537 quae
259 453 339 537 ιῙαα.
365 453 447 533 14,2
473 451 625 536 leguntur
648 451 779 538 („homo
802 451 944 515 omnium
968 471 1048 537 quos
1074 459 1159 515 terra
1180 441 1315 517 sustinet

156 551 454 639 sceleratissimus“)
476 555 618 618 imitatus
641 574 711 618 esse
732 553 868 634 videtur,
891 562 1032 618 controv.
1054 552 1111 633 IX,
1135 552 1174 616 13
1196 575 1228 637 p.
1252 553 1313 618 249

157 655 207 722 ed.
223 656 317 719 Burs.
340 655 465 720 scribit:
488 655 599 740 „Tunc
619 654 726 720 retulit
746 655 888 741 aliquam
903 650 1103 740 Thucydidis
1124 657 1314 720 sententiam

157 759 258 822 δειναὶ
284 756 342 844 γὰρ
372 758 405 821 αἱ
432 755 602 844 εὐπραξίαι
622 757 799 844 συγκρύψαι
827 758 881 820 καὶ
908 756 1076 821 συσκιάσαι
1103 753 1142 821 ταὶ
1173 754 1314 823 ἑκάστων

157 858 377 942 ἁμαρτήματα,
399 857 515 923 deinde
531 857 772 924 Sallustianam:
794 880 845 921 rec
860 858 1023 922 secundae
1036 859 1118 922 mire
1131 868 1209 923 cant
1223 861 1313 924 vitiis

158 962 331 1044 optentai.“
353 959 400 1025 At
410 960 587 1024 Vaticanus
598 961 633 1024 in
645 981 690 1024 or.
702 959 818 1045 Lepidi
829 961 871 1024 24
884 960 981 1046 (Hist.
994 959 1020 1041 I,
1032 961 1084 1041 41,
1097 960 1138 1024 24
1152 959 1312 1046 Dietsch.)

159 1063 254 1146 „quia
281 1063 444 1126 secundae
472 1085 524 1126 rec
551 1064 632 1127 mire
660 1070 734 1126 sunt
761 1062 848 1126 vitiis
877 1062 1043 1146 optentui“
1067 1069 1163 1127 tenet.
1206 1063 1312 1142 Quam

156 1165 348 1249 scripturam
364 1185 402 1226 eo
418 1162 523 1227 minus
545 1163 772 1249 relinquemus,
795 1163 881 1249 quod
902 1161 964 1226 hoc
985 1162 1054 1227 loco
1077 1184 1151 1226 cum
1174 1163 1311 1249 quadam

154 1266 313 1349 gravitate
339 1264 498 1328 secundae
523 1286 574 1328 res
603 1274 808 1351 opponuntur
833 1264 977 1329 adversis
1005 1264 1060 1351 (cf.
1087 1287 1125 1330 ea
1155 1286 1236 1351 quae
1265 1288 1312 1331 se-

156 1373 310 1451 quuntur:
340 1366 476 1451 „quibus
496 1366 663 1434 labefactis
686 1389 780 1453 quam
805 1365 994 1432 formidatus
1016 1373 1065 1430 est
1084 1375 1151 1430 tam
1172 1375 1312 1432 contem-

156 1471 284 1552 netur“)
306 1475 338 1532 et
360 1469 488 1531 omnino
510 1468 598 1553 apud
614 1468 801 1535 Sallustium
822 1477 958 1552 excepto
972 1489 1036 1531 uno
1051 1467 1120 1532 loco
1136 1464 1212 1554 Jug.
1226 1471 1311 1552 41,3

155 1591 283 1654 semper
303 1566 419 1654 legitur
441 1571 621 1652 „secundae
641 1576 725 1654 real,
752 1591 817 1634 non
840 1592 911 1652 „res
932 1568 1111 1634 secundam
1136 1569 1188 1657 (O.
1213 1573 1310 1655 11,8;

153 1670 185 1738 J.
197 1671 248 1752 40,
260 1672 295 1752 53
318 1671 415 1755 94,4;
439 1672 523 1736 Hist.
538 1673 564 1755 Ι,
580 1674 616 1756 93
638 1672 665 1755 I,
686 1673 737 1753 41,
750 1672 784 1755 53
808 1672 848 1736 cf.
863 1671 906 1752 ΙΙ,
922 1671 1030 1758 41,1).
1075 1671 1200 1736 Seneca
1213 1673 1312 1757 igitur

154 1769 297 1836 Sallustii
318 1771 419 1836 verba
440 1795 483 1836 ex
503 1775 659 1839 memoria
679 1773 839 1840 rettulisse
861 1773 998 1854 videtur,
1026 1794 1100 1836 cum
1121 1776 1310 1858 praesertim

152 1874 321 1938 antecedat
341 1873 396 1937 illa
416 1875 644 1940 Demosthenis
667 1875 835 1940 sententia.
877 1873 1059 1959 Porphyrio
1081 1875 1124 1939 ad
1145 1875 1226 1941 Hor.
1246 1877 1309 1963 Ep.

152 1973 179 2057 1,
202 1974 252 2056 18,
264 1974 305 2037 29
327 1973 427 2040 verba
446 1977 492 2040 ita
513 1978 561 2041 uti
581 1978 615 2040 in
638 1977 795 2041 Vaticano
816 1975 967 2060 leguntur
988 1975 1114 2061 allegat.

235 2075 336 2140 Recte
358 2087 455 2162 atque
478 2077 589 2142 ordine
610 2078 689 2141 mihi
709 2078 822 2142 fecisse
844 2077 995 2142 videntur
1016 2079 1046 2142 ei
1068 2078 1221 2163 editores,
1255 2082 1310 2166 qui

152 2188 327 2263 praeeunte
342 2178 485 2243 Linkero
506 2181 586 2267 Joq.
601 2181 689 2263 37,4
710 2180 907 2265 scripserunt
930 2180 1168 2262 „hiemantibus
1191 2185 1308 2265 aquic“

153 2278 254 2363 dibri:
292 2281 534 2364 „hiemalihas“,
570 2281 788 2366 „gelualibus“
810 2283 869 2365 g⁶)
898 2290 1029 2346 auctore
1052 2283 1182 2349 Seneca
1203 2283 1309 2368 philo-

153 2383 270 2468 sopho,
292 2383 378 2466 apud
400 2405 496 2469 quem
519 2384 611 2468 epist.
635 2385 706 2465 114,
723 2384 762 2447 19
784 2381 933 2468 legimus:
965 2382 1075 2466 „Quae
1096 2383 1185 2468 apud
1207 2382 1309 2447 Sallu-

152 2483 249 2546 stium
270 2505 342 2547 rara
362 2483 502 2565 fuerunt,
523 2483 612 2569 apud
633 2483 719 2546 hunc
744 2483 846 2570 (apud
866 2484 1066 2564 Arruntium,
1090 2503 1185 2567 quem
1209 2483 1310 2548 Sallu-

152 2585 291 2648 stianum
321 2583 508 2671 appellavit)
538 2583 651 2648 crebra
680 2592 753 2647 sunt
774 2593 806 2648 et
827 2605 932 2669 paene
962 2585 1126 2666 continua,
1158 2607 1219 2650 nec
1239 2587 1308 2651 sine

152 2704 264 2750 eausa:
286 2683 338 2748 ille
354 2686 439 2748 enim
453 2688 487 2749 in
507 2687 587 2751 haec
602 2685 769 2767 inciderat,
790 2694 823 2750 at
843 2684 895 2749 hic
916 2682 970 2749 illa
992 2685 1174 2770 quaerebat.
1208 2687 1308 2753 Vides

153 2795 272 2867 autem,
294 2785 371 2871 quid
386 2797 548 2873 sequatur,
571 2789 628 2852 uhi
642 2787 738 2852 alicui
752 2788 865 2853 vitium
880 2808 940 2872 pro
955 2786 1104 2873 exemplo
1127 2799 1185 2854 eet.
1217 2790 1308 2854 Dicit

154 2886 341 2952 Sallustius:
364 2893 459 2974 aquis
480 2892 705 2974 hiemantibus.
749 2891 922 2954 Arruntius
946 2890 980 2952 in
1002 2891 1106 2975 primo
1128 2888 1209 2955 libro
1232 2891 1307 2957 belli

152 2989 267 3054 Punici
288 2991 346 3054 ait:
368 3001 497 3076 reperte
512 2993 666 3058 hiemavit
680 3001 858 3077 tempestas.
890 2992 934 3057 Et
947 2991 1009 3056 alio
1024 2991 1096 3056 loco
1111 3014 1186 3056 cum
1201 2993 1306 3059 dicere

151 3090 249 3157 vellet
268 3092 420 3176 frigidum
443 3115 562 3156 annum
583 3094 692 3176 fuisse,
725 3096 784 3158 ait:
816 3102 901 3159 totae
923 3093 1078 3158 hiemavit
1099 3117 1219 3158 aanor.
1262 3096 1307 3160 Et

151 3192 214 3258 alio
241 3193 313 3259 loco
344 3233 380 3244 -
408 3195 568 3260 hiemante
594 3197 756 3282 aquileae.
799 3195 871 3259 Non
900 3194 1019 3259 desinit
1049 3194 1198 3259 omnibus
1225 3196 1305 3260 locis

151 3294 212 3358 hoc
237 3296 373 3361 verbum
394 3296 569 3362 infulcire.“
614 3299 774 3384 Equidem
796 3296 963 3361 Dietschio
985 3318 1050 3361 non
1071 3296 1219 3361 assentiri
1240 3318 1305 3361 non

150 3419 292 3483 possum,
325 3400 380 3483 qui
409 3400 538 3483 (comm.
560 3422 592 3484 p.
617 3401 691 3485 120)
722 3421 852 3463 oausam
878 3421 943 3463 non
972 3421 1042 3464 esse
1065 3400 1152 3481 dicit,
1183 3420 1304 3465 carex

150 3499 302 3564 Historiis
330 3501 436 3584 potius
466 3501 649 3585 exemplum
678 3501 757 3565 illud
780 3500 1007 3565 Sallustianum
1038 3508 1203 3585 sumptum
1234 3523 1304 3566 esse

150 3610 309 3684 putemus,
332 3624 428 3686 quam
451 3601 591 3667 Senecae
613 3602 713 3668 verba
734 3604 894 3689 pertinere
916 3603 958 3666 ad
978 3601 1085 3665 locum
1105 3601 1182 3687 Jug.
1206 3603 1256 3686 37,
1272 3606 1302 3667 4.

149 3701 233 3766 Nam
255 3704 325 3767 veri
346 3703 542 3769 simillimum
564 3715 613 3770 est
628 3702 855 3787 „hiemalibus“
878 3706 912 3768 in
925 3704 1025 3769 libros
1046 3715 1210 3788 receptum
1232 3727 1303 3769 esse

149 3826 168 3867 a
182 3802 413 3888 glossatoribus
429 3818 485 3872 aut
498 3808 727 3891 grammaticis,
743 3808 798 3893 qui
811 3806 1011 3871 insolentiam
1024 3805 1173 3870 dictionis
1186 3810 1303 3892 (aquae

148 3905 326 3971 hiemantes
340 3937 381 3964 =
394 3931 508 3995 aquae,
531 3932 613 3996 quac
628 3909 674 3973 ihi
695 3931 753 3995 per
767 3908 905 3974 hiemem
928 3907 1132 3972 confluebant
1150 3918 1181 3973 et
1196 3930 1301 3973 mane-

148 4007 235 4093 bant,
258 4031 453 4096 quamquam
467 4011 640 4078 Arruntius
662 4012 753 4077 aliter
766 4011 929 4097 accepisse
943 4011 1083 4095 videtur)
1102 4008 1302 4074 emendando
