2926 4492
650 78 799 175 „ee-

148 279 225 344 fecit
250 279 432 365 Jordanus,
462 277 549 364 quod
579 277 646 344 Cot.
668 279 754 360 49,1
783 276 954 343 lectionem
980 276 1136 343 librorum
1163 279 1306 342 omnium

150 387 321 465 „potuere“
356 381 488 445 retinuit
519 389 631 444 contra
661 381 879 446 testimonium
912 381 1071 445 Prisciani
1102 381 1145 461 X,
1167 404 1206 466 p.
1233 381 1307 462 539,

149 506 245 568 quem
279 507 296 549 e
328 484 483 547 memoria
519 480 798 567 indiligentissime
831 480 1019 547 Sallustium
1058 483 1174 548 citasse
1209 490 1308 568 patet.

147 585 303 671 Legimus
325 586 410 651 enim
432 584 520 670 apud
540 585 641 650 Prisc.
656 585 699 667 X,
716 607 748 671 p.
764 587 842 650 539:
866 604 969 670 „queo
992 584 1100 668 quivi“
1123 583 1177 649 vel
1200 585 1305 671 „quii“

149 725 187 736 -
212 728 252 736 —
275 686 443 752 Sallustius
464 688 498 751 in
521 686 707 751 Oatilinario
731 687 932 773 „scelusque
953 686 1057 771 pretio
1080 708 1185 772 neque
1205 686 1310 772 gratia

148 790 266 875 inpelli
281 791 403 875 quivit“
415 792 454 874 ¹),
469 788 539 854 Oat.
553 789 606 870 49,
621 790 652 854 1:
668 788 755 864 „Sed
770 790 888 854 eisdem
902 788 1100 874 temporibus
1118 787 1154 863 Q.
1172 789 1309 855 Catulus

149 903 177 956 et
210 892 243 958 0.
266 893 342 957 Piso
370 913 475 976 neque
509 928 547 938 -
584 891 768 957 Ciceronem
795 891 951 975 inpellere
977 902 1131 975 potueoo“
1163 892 1309 978 („potue-

149 997 242 1058 runt“
263 995 343 1079 P³):
373 1015 447 1057 cum
471 992 568 1079 paulo
589 1001 664 1078 post
685 995 752 1076 §.4
775 993 948 1079 „inpellere
970 995 1151 1077 oequeuut“
1173 989 1309 1076 legatur,

149 1096 235 1161 haud
256 1097 324 1161 scio
346 1119 389 1160 an
409 1098 468 1160 hos
491 1095 571 1160 duos
593 1095 681 1159 locos
702 1096 930 1178 grammaticus
953 1097 1107 1159 memoria
1129 1093 1311 1159 confuderit

150 1198 240 1285 (Jug.
262 1199 350 1280 58,3
383 1198 520 1283 „depelli
549 1197 767 1284 quiverunt“).
812 1197 877 1262 Sed
904 1197 1122 1262 testimonium
1150 1198 1310 1262 Prisciani

150 1307 182 1365 et
209 1300 300 1364 locus
334 1299 503 1363 imitatoris
534 1300 683 1385 Septimii
710 1300 737 1380 1,
763 1301 800 1364 18
835 1300 957 1385 (Pratje
986 1320 1018 1382 p.
1039 1301 1096 1384 49)
1129 1298 1237 1364 valent
1268 1300 1310 1363 ad

150 1401 424 1487 comprobandam
439 1401 695 1465 emendationem
710 1399 877 1482 Dietschii‚
901 1401 966 1486 qui,
989 1420 1062 1463 oum
1077 1400 1222 1487 plerique
1236 1399 1311 1465 libri

152 1502 227 1574 Sall,
252 1526 372 1591 „neque
395 1503 548 1588 precibus
569 1525 674 1589 neque
695 1504 800 1589 gratia
827 1524 933 1588 neque
954 1504 1083 1588 precio“
1106 1502 1255 1586 habeant,
1277 1502 1310 1566 in

150 1606 327 1670 recentiore
349 1606 446 1691 primi
467 1606 594 1690 generis
615 1605 737 1670 familia
760 1606 955 1692 optimisque
983 1605 1117 1669 secundi
1143 1605 1310 1670 codicibus

153 1706 231 1772 ordo
245 1709 418 1774 verborum
439 1709 627 1774 immutatus
650 1710 699 1791 sit,
722 1707 821 1774 verba
844 1730 967 1793 „neque
985 1706 1154 1792 precibus“
1178 1718 1214 1773 ut
1228 1708 1311 1793 glos·

151 1813 274 1897 sema²)
299 1811 405 1897 ejecit,
434 1810 575 1894 primum
603 1811 690 1896 quod
715 1815 866 1895 „preces“
889 1808 1046 1875 vocabulo
1070 1811 1212 1895 „gratia“
1237 1832 1311 1874 con-

151 1913 301 1994 tinentur,
329 1909 444 1974 deinde
471 1912 548 1994 quia
570 1914 712 1996 „gratia“
737 1911 907 1976 Sallustius
928 1935 993 1976 non
1014 1914 1210 1998 conjungere
1231 1911 1313 1978 solet

152 2013 214 2075 nisi
243 2034 317 2075 cum
347 2009 555 2076 substantivis
586 2014 761 2097 „pretium“
792 2011 844 2077 vel
873 2014 1048 2097 „pecunia“
1079 2014 1163 2100 (Oat.
1185 2017 1237 2099 52,
1252 2017 1311 2099 23,

151 2113 227 2198 lug.
252 2115 301 2196 16,
319 2116 352 2196 13
381 2113 432 2196 27,
447 2116 482 2196 2,
514 2117 564 2196 29,
580 2116 614 2197 33
644 2115 695 2197 35,
711 2116 755 2199 8).
806 2114 928 2178 Dubito
952 2114 991 2178 de
1014 2113 1221 2180 collocatione
1244 2138 1312 2180 ver-

151 2217 277 2300 borum,
300 2226 406 2280 utrum
429 2224 561 2302 prepter
582 2237 773 2280 consensum
788 2217 946 2282 Prisciani
968 2225 1000 2280 et
1019 2217 1167 2300 Septimii
1191 2239 1313 2303 „neque

151 2321 255 2405 pretio
284 2341 389 2405 neque
415 2320 538 2403 gratia“
571 2317 777 2385 scribendum
809 2321 850 2384 sit
878 2341 920 2382 an
947 2318 991 2401 id,
1024 2317 1111 2404 quod
1133 2315 1206 2382 libri
1237 2318 1312 2386 Sall.

152 2422 387 2503 commendant,
411 2443 535 2506 „neque
551 2445 598 2505 gr.
621 2444 726 2506 neque
741 2427 821 2505 pr.“‚
845 2421 933 2507 quod
953 2421 1087 2486 fortasse
1106 2422 1199 2486 eade
1215 2443 1314 2486 causa

150 2524 395 2610 praeferendum
419 2532 476 2604 est,
499 2525 575 2608 quia
596 2524 630 2586 in
650 2523 706 2588 tali
733 2527 815 2607 vire,
848 2524 951 2610 qualis
974 2523 1089 2588 Cicero
1110 2532 1188 2606 erat,
1209 2524 1314 2607 gratia

151 2627 283 2710 gravius
306 2633 373 2688 erat
394 2625 646 2688 incitamentum.

236 2728 312 2791 Duo
334 2726 397 2790 loci
419 2726 507 2811 apud
521 2726 722 2791 Priscianum
743 2728 789 2792 ita
807 2735 842 2790 ut
856 2729 890 2791 in
911 2727 1057 2813 plurimis
1072 2726 1123 2791 vel
1145 2727 1312 2813 permultis

152 2828 230 2894 Sall.
246 2828 410 2894 codicibus
426 2830 541 2894 vitiose
562 2829 686 2895 sublato
702 2828 858 2914 asyndeto
879 2830 1042 2915 leguntur:
1064 2831 1099 2893 X
1103 2831 1189 2913 VIII,
1200 2853 1238 2915 p.
1250 2831 1312 2896 286

155 2932 222 2998 Cat.
245 2934 296 3012 25,
312 2933 348 2997 2τ
380 2930 478 3014 „haec
501 2931 616 2996 mulier
645 2955 763 3017 genere
788 2941 884 3018 atque
913 2933 1025 3014 forma,
1054 2941 1220 3017 praeterea
1241 2933 1311 2997 viro

152 3045 248 3122 atque
269 3034 378 3100 liberis
401 3035 478 3097 satis
500 3034 661 3099 fortunata
675 3035 756 3100 suiu‘
779 3035 834 3120 (de
851 3057 914 3121 quo
933 3034 1002 3099 loco
1019 3056 1116 3120 supra
1138 3035 1311 3120 diximus);

151 3137 227 3199 iust.
249 3139 289 3201 de
312 3160 396 3201 uem.
418 3145 479 3200 etc.
496 3159 533 3221 p.
548 3137 611 3201 455
631 3138 712 3223 Jup.
730 3139 828 3217 10‚8:
852 3158 930 3219 „vos
952 3145 1070 3218 autem,
1092 3135 1258 3200 Adherbal
1280 3147 1313 3201 et
1358 3167 1361 3171 ’

151 3237 329 3324 Hiempsal,
352 3237 446 3302 colite
466 3249 495 3302 et
517 3239 684 3303 observate
706 3237 802 3304 talem
818 3237 903 3301 hunc
922 3239 1038 3315 virum,
1060 3238 1230 3301 imitamini
1249 3239 1311 3303 vir·

151 3349 252 3405 tutem
275 3348 306 3405 et
327 3343 520 3406 iutumziuffl
538 3340 668 3426 („colite
684 3353 712 3404 et
728 3340 816 3404 obs.“
832 3341 879 3404 Ρ4
894 3339 928 3403 M
944 3340 998 3402 Μι
1014 3341 1042 3403 Τ
1057 3340 1085 3403 P
1101 3363 1131 3425 p.
1148 3353 1191 3425 p1
1208 3351 1251 3424 p³
1267 3351 1309 3425 p⁵

151 3443 781 3528 p⁶m¹gg¹g²g⁴g⁵g⁶g²rhop‚
813 3448 880 3527 „et“
911 3464 980 3528 sup.
1008 3440 1063 3505 lin.
1087 3464 1137 3525 m3
1167 3441 1256 3524 „obs
1283 3453 1311 3506 et

152 3543 230 3608 col.“
247 3545 272 3627 l;
297 3547 408 3628 „colite
431 3546 611 3610 obseroote“
627 3544 701 3629 rel.;
724 3545 764 3610 de
785 3544 942 3630 asyndeto
958 3546 1040 3609 inter
1053 3543 1131 3608 bina
1145 3542 1254 3626 verba,
1277 3546 1311 3607 in

152 3645 268 3730 quibus
284 3648 395 3711 eadem
410 3647 462 3713 vel
476 3647 587 3712 similis
608 3650 696 3714 notio
718 3649 804 3731 insit,
827 3655 980 3734 usurpato
996 3669 1094 3732 supra
1109 3646 1195 3728 dixi3
1218 3647 1310 3712 binos

227 3787 252 3854 ¹)
272 3791 422 3856 Sequuntur
441 3795 524 3844 haec:
552 3796 640 3855 „idem
666 3797 693 3843 in
714 3796 726 3843 I
746 3795 913 3846 historiarum
942 3808 1045 3859 „neque
1070 3808 1100 3843 se
1123 3793 1244 3859 recipere
1264 3798 1311 3843 aut

152 3884 283 3932 instruere
301 3885 403 3947 proelio
424 3887 550 3950 quivere“
572 3887 654 3952 (Hist.
675 3886 696 3948 Ι,
715 3886 771 3949 95).

226 3972 250 4037 ²)
272 3974 431 4034 „Precibus‘
453 3980 532 4028 etiam
554 3978 722 4043 corruptione
742 3977 868 4028 vocabuli
889 3978 1012 4044 „prcci0“
1034 3983 1123 4027 netum
1144 3989 1203 4026 esse
1223 3974 1308 4025 credi-

152 4065 205 4116 bile
225 4071 275 4118 est.

1077 4150 1120 4210 l(lit
