2926 4492
771 57 918 153 ,11-

264 262 364 328 verba
386 242 555 346 glossatori
577 257 747 322 tribuenda
770 265 944 339 censerent,
975 273 1116 344 „nequess‘
1140 265 1225 325 enim
1248 261 1346 326 semel
1370 286 1427 348 po-

266 369 361 430 situm
389 363 473 427 idem
502 358 683 444 significare
714 359 800 444 quod
834 369 886 440 „et
913 382 954 424 ne
992 401 1027 409 -
1062 362 1226 448 quidem“:
1260 363 1425 428 hominem

265 489 341 532 vero
364 467 459 552 hujus
481 462 725 547 significationis
746 462 894 545 ignarum
923 464 1119 548 interpositis
1142 463 1204 528 illis
1226 466 1334 531 verbis
1358 489 1427 531 ora-

264 570 385 635 tionem
408 565 560 652 expedire
582 562 731 631 voluisse.
776 563 840 628 Sed
863 573 976 628 contra
997 587 1037 630 ea
1059 566 1255 630 monendum
1277 579 1337 650 est,
1358 571 1425 653 pri-

264 693 352 734 mum
367 678 466 734 totam
481 689 548 731 rem
563 666 631 731 veri
646 665 786 750 speciem
802 687 867 730 nou
889 665 1023 749 habere3
1047 668 1162 733 deinde
1177 669 1276 735 verba
1299 692 1426 756 „neque

265 773 509 837 muniebantur“
537 789 624 832 nexu
651 767 879 832 sententiarum
909 767 1065 854 postulari
1095 770 1257 854 videntur,
1287 794 1371 858 quac
1397 776 1425 837 si

263 872 438 959 rejicienda
467 893 536 936 esse
564 871 831 952 existimaremus,
861 880 993 957 propter
1022 893 1133 936 vocem
1158 880 1300 959 „neque“
1325 875 1426 939 semel

264 977 402 1061 positam
424 975 457 1036 in
481 974 537 1054 eis,
567 993 662 1057 quae⁴
679 970 882 1054 antecedunt,
911 970 999 1037 aliud
1022 975 1092 1059 jam
1119 974 1275 1039 Albinum
1303 985 1424 1042 temere

264 1099 302 1142 ac
324 1074 523 1161 negligenter
544 1075 647 1160 egisse
669 1075 840 1138 memorari
867 1095 997 1139 necesse
1019 1085 1118 1140 esset:
1146 1085 1179 1141 at
1201 1099 1274 1142 eum
1296 1079 1330 1141 in
1351 1102 1424 1165 pro-

263 1180 372 1244 vincia
393 1177 509 1242 milites
531 1178 655 1242 stativis
678 1178 790 1241 castris
813 1176 963 1241 habuisse
984 1179 1206 1244 tantummodo
1228 1179 1350 1245 dictum
1365 1190 1423 1246 est.

240 1328 242 1332 .
263 1282 433 1346 Praeterea
446 1280 624 1344 rectissime
642 1281 711 1366 jam
727 1278 826 1343 Fabri
840 1278 1015 1361 adnotavit,
1036 1281 1136 1345 verba
1158 1304 1282 1368 ,neque
1303 1285 1423 1346 munie-

263 1384 398 1449 bantur“
423 1403 462 1446 ea
489 1381 529 1446 de
559 1403 656 1446 causa
684 1382 797 1446 abesse
825 1403 890 1445 non
913 1403 1018 1466 posse,
1047 1384 1123 1467 quia
1145 1404 1193 1465 ea,
1221 1406 1304 1470 quae
1325 1383 1420 1470 paulo

263 1495 338 1572 post
371 1483 540 1548 Sallustius
574 1482 614 1546 de
645 1482 766 1547 Metelli
799 1482 970 1569 disciplina
1001 1486 1131 1570 scripsit
1165 1488 1230 1572 (45,
1251 1487 1285 1549 2,
1319 1496 1423 1552 castra

263 1608 403 1667 movere,
421 1588 519 1672 juxta
533 1606 571 1647 ac
586 1586 614 1648 si
635 1583 741 1649 hostes
764 1584 922 1665 adessent,
945 1586 1030 1650 nullo
1053 1595 1149 1672 utque
1161 1591 1262 1672 fosso
1283 1593 1422 1670 munire,

261 1688 391 1774 vigilias
419 1686 548 1752 crebras
577 1688 729 1773 ponere),
758 1686 821 1750 huo
848 1687 1008 1772 respicere
1037 1698 1070 1753 et
1096 1688 1237 1756 indicare
1263 1691 1422 1773 videntur,

262 1790 416 1883 Albinum
439 1791 536 1855 etiam
558 1790 774 1873 vituperatum
804 1811 884 1871 esse,
914 1791 1001 1875 quod
1028 1799 1132 1855 castra
1153 1814 1218 1856 non
1240 1794 1422 1858 muniverit.
1450 1829 1452 1834 ·

262 1934 303 1943 -
324 1893 434 1958 Verba
459 1893 493 1955 in
523 1890 664 1955 Sallustii
691 1888 781 1954 libris
808 1913 881 1955 eam
909 1891 949 1957 ob
979 1914 1110 1957 eausam
1139 1895 1295 1960 excidisse
1322 1904 1421 1980 patet,

262 1995 350 2080 quod
369 1993 519 2058 librarius
534 1994 673 2078 aprione
694 1993 736 2057 ad
757 1993 891 2058 alterum
916 1999 1058 2081 ,neque“
1083 1996 1184 2060 oculis
1206 1997 1421 2062 aberraverat.

261 2097 383 2178 Restat,
405 2105 440 2160 ut
462 2117 662 2182 quaeramus,
685 2104 792 2159 utrum
815 2117 887 2160 cum
909 2099 1112 2182 paucissimis
1133 2084 1333 2184 interpolatis
1350 2098 1420 2163 Sal-

261 2199 348 2264 lustii
370 2199 534 2263 codicibus
557 2198 633 2282 „sed
648 2219 753 2283 neque
775 2199 1001 2263 muniebantur
1015 2205 1073 2264 ea“
1091 2202 1150 2287 (se.
1166 2209 1270 2264 castra
1284 2202 1416 2286 stativa)

261 2324 303 2366 an
325 2324 399 2366 cum
414 2303 576 2365 Frontone
594 2300 669 2384 „sed
685 2321 790 2385 neque
809 2301 1038 2366 muniebantur
1052 2307 1129 2387 (om,
1147 2304 1259 2388 „eu“)“
1277 2301 1419 2366 scriben-

262 2404 339 2469 dum
361 2405 429 2469 sit·
454 2402 615 2488 Equidem
638 2424 698 2486 ego
726 2402 826 2467 verba
853 2404 900 2466 uti
929 2404 1017 2489 apud
1042 2405 1238 2469 Frontonem
1266 2402 1419 2489 leguntur

263 2508 403 2572 colorem
427 2505 613 2571 Sallustiani
634 2507 789 2570 sermonis
811 2528 889 2592 prae
911 2528 945 2571 se
966 2506 1049 2570 ferre
1070 2502 1230 2588 existimo,
1254 2509 1330 2593 quia
1351 2529 1419 2572 sae-

263 2612 336 2695 pius
357 2631 378 2672 a
399 2607 549 2672 Sallustio
578 2594 823 2689 substantivum,
854 2608 940 2725 quod
969 2609 1003 2670 in
1032 2608 1233 2672 antecedenti
1261 2611 1420 2674 sententia

263 2710 393 2796 obliquo
420 2731 497 2774 casu
526 2720 715 2795 usurpatum
737 2719 793 2792 est,
823 2712 918 2776 tacite
946 2731 1005 2794 pro
1032 2709 1157 2795 subjt
1106 2719 1176 2773 ecto
1203 2711 1350 2792 infertur3
1379 2713 1420 2774 cf

263 2812 339 2897 Jug
361 2813 413 2895 28,
428 2813 449 2874 5
471 2813 552 2897 (pa
543 2835 611 2877 rens
631 2812 850 2878 laborumetc
819 2814 893 2896 ο,)
919 2812 973 2874 101
979 2811 1101 2895 ,8(c'o
1112 2813 1281 2896 perculsos
1295 2815 1417 2877 Romu

174 2948 176 2952 ⁴
263 2938 323 2979 uos
344 2916 450 2978 acrius
471 2915 629 2979 incedere
671 2914 810 2999 Jamque
832 2913 964 2997 paulum
986 2935 1006 2976 a
1027 2912 1103 2997 fuga
1119 2914 1287 2996 aberunt3)
1312 2916 1419 2997 102,6

266 3017 447 3102 (rati);9
448 3018 675 3102 ,1(pergit);
710 3015 781 3084 Oat
807 3014 837 3097 5,
853 3016 873 3078 9
900 3015 999 3101 (facta
1020 3015 1094 3100 sit3)
1114 3017 1179 3097 52,
1195 3018 1236 3081 29
1263 3017 1381 3102 (irati'
1372 3040 1420 3080 rn-

263 3119 399 3204 festique
420 3121 523 3201 sunt);
547 3140 592 3183 or.
613 3119 715 3182 Macri
738 3117 777 3180 27
801 3116 1042 3207 (caeduntur),
1052 3117 1122 3183 Cat.
1101 3119 1232 3199 113,2
1255 3120 1420 3203 (propera-

266 3223 374 3307 bant);
395 3220 472 3305 Jug.
494 3222 581 3303 54,8
604 3219 824 3305 (cogebatur),
847 3221 1034 3305 saepissime
1056 3220 1118 3285 hoc
1139 3220 1176 3285 fit
1196 3223 1230 3284 in
1251 3221 1419 3286 infinitivis

265 3323 437 3388 historicis:
461 3321 532 3387 Cat.
547 3321 624 3403 17,1
640 3320 845 3407 (appellare);
867 3323 919 3405 23,
931 3323 966 3405 2,
988 3323 1038 3406 24,
1051 3325 1086 3406 2,
1102 3323 1159 3405 25,
1171 3325 1208 3406 5,
1230 3322 1305 3408 Jug.
1323 3325 1373 3405 11,
1386 3325 1420 3394 83

264 3427 316 3508 55,
330 3427 365 3508 3,
387 3427 438 3508 64,
453 3426 488 3507 2,
511 3425 561 3505 64,
577 3425 613 3504 5,
638 3423 688 3504 72,
703 3424 739 3505 2,
762 3423 862 3507 74,1,
887 3425 957 3508 106,
973 3426 1040 3512 61).
1092 3425 1197 3510 Saepe
1227 3427 1325 3490 etiam
1345 3426 1420 3491 sub·

264 3696 348 3744 neque
367 3679 553 3730 muniebantur
571 3695 604 3730 ea
623 3694 711 3744 neque
731 3695 803 3729 more
824 3678 893 3731 etc.“
914 3681 1043 3746 praebent
1061 3680 1098 3744 1,
1117 3678 1291 3747 (quamquam
1310 3682 1334 3732 is
1355 3682 1419 3741 „mi-

264 3767 452 3834 nuebantur“).
501 3770 611 3836 „Neque
635 3787 668 3821 ea
685 3775 785 3836 aeque“
811 3773 839 3821 in
865 3772 968 3823 duobus
993 3771 1242 3823 Mediolanensibus
1268 3788 1327 3823 esse
1341 3771 1420 3824 ,Ger-

264 3862 368 3912 lachius
388 3859 430 3910 ed.
452 3860 521 3909 1856
541 3862 625 3928 praef.
643 3880 670 3929 p.
689 3862 729 3912 XI
747 3863 873 3915 narravit.
912 3864 944 3913 In
962 3863 1071 3929 reliquis
1090 3863 1166 3928 libris
1185 3864 1268 3913 verba
1287 3864 1393 3914 desunt.

338 3950 363 4017 ¹)
384 3952 424 4002 Of.
440 3952 503 4014 Jug.
526 3953 567 4017 14,
583 3955 624 4018 16,
651 3955 697 4004 ubi
720 3953 871 4015 relativum,
897 3954 969 4021 quod
992 3955 1027 4004 ad
1048 3955 1158 4015 „amisi“
1181 3959 1221 4006 est
1240 3956 1420 4018 accusativus,

264 4044 299 4095 ad
321 4045 409 4106 „facta
428 4047 506 4096 sunt“
527 4047 694 4097 nominativo
712 4051 753 4097 est
773 4046 965 4110 cogitandum
988 4047 1049 4110 101,
1066 4047 1091 4096 5.
