2926 4492
652 86 800 182 „BL

150 289 355 355 concedimus
394 322 429 334 ·-·
469 294 575 351 tamen
611 286 820 371 rejiciendum
855 286 996 352 videtur:
1038 309 1112 353 nam
1154 312 1309 377 „corpore

150 395 298 478 quietus“
321 390 420 475 (Hist.
442 387 586 473 111,19)‚‘
608 409 763 473 „corpore
781 392 929 472 percitus
950 401 979 456 et
999 393 1185 476 inquictua“
1209 394 1308 479 (Hist.

149 494 193 574 Π,
209 493 263 578 35)
287 493 408 576 optime
430 490 493 553 dici
514 497 637 574 potest,
668 489 726 553 sed
754 489 841 554 nullo
870 502 965 577 pacto
989 514 1142 579 „corpore
1163 497 1308 560 aurius“.

151 595 302 680 Optatius
313 595 411 679 igitur
422 590 500 655 nihil
512 599 560 656 est
571 612 667 677 quam
680 592 898 657 testimonium
907 595 1012 659 Servii
1021 596 1153 661 ndAen.
1163 597 1232 677 VII,
1238 597 1309 660 251:

150 697 314 778 „Intentos
336 693 469 759 volvens
492 691 617 758 oculos:
639 695 809 780 cogitantis
831 705 881 760 est
901 702 1026 780 gestus:
1049 699 1095 761 sic
1117 698 1158 762 de
1179 697 1309 763 Boccho

151 796 321 862 Sallustius
343 795 435 861 vultu
450 807 479 860 et
494 797 596 862 oculis
606 799 740 880 puriter
754 807 849 883 atque
865 800 975 862 animo
991 800 1096 864 variis
1112 797 1310 885 (ourusV)“‚

149 899 338 985 praesertim
360 920 433 962 cum
457 908 505 980 „et
527 898 650 963 ocrdis“
677 900 924 984 grammaticum
952 900 987 962 in
1013 921 1069 965 suo
1090 899 1174 966 libro
1195 900 1311 986 legisse

150 1001 218 1066 veri
240 999 342 1065 simile
365 1001 414 1084 sit,
438 1002 514 1087 quia
528 999 635 1064 locum
649 1001 822 1088 adscripsit
836 1001 878 1065 ad
892 1002 993 1067 verba
1008 1004 1165 1085 „intentos
1179 1002 1312 1069 volvens

152 1103 292 1167 oculos“.
336 1101 470 1185 Tamen,
486 1124 559 1166 cum
575 1100 763 1167 Sallustium
778 1102 1059 1188 diligentissimum
1074 1103 1172 1169 fuisse
1189 1114 1313 1171 constet

151 1206 186 1268 in
207 1204 429 1290 exaequandis
451 1204 618 1286 membris,
648 1225 760 1268 veram
788 1206 981 1290 scripturam
1010 1205 1194 1272 existimare
1216 1206 1312 1272 velim

152 1307 299 1390 „oultwl
322 1308 441 1393 pariter
462 1316 559 1392 atque
581 1306 688 1370 animo
710 1308 839 1370 varius“
864 1307 919 1393 (cf.
939 1306 1009 1374 Cat.
1025 1308 1076 1390 61,
1091 1309 1126 1372 4:
1147 1306 1313 1372 ferociam·

152 1429 216 1493 que
239 1411 353 1489 animi,
376 1429 471 1494 quam
493 1407 649 1472 habuerat
670 1408 782 1491 vivus,
807 1411 844 1474 in
867 1410 954 1474 voltu
976 1409 1147 1495 retinens),
1171 1414 1312 1473 ceterum
1435 1448 1442 1459 x

88 1568 92 1573 .
153 1509 261 1574 Servii
288 1512 504 1575 testimonium
532 1517 721 1595 argumento
747 1532 833 1592 esse,
862 1518 1016 1596 quantam
1037 1513 1108 1597 jam
1135 1512 1312 1597 antiquitus
1390 1563 1392 1567 .

152 1634 265 1676 ansam
286 1611 500 1698 interpolandi
520 1611 572 1676 hic
594 1609 685 1676 locus
707 1610 875 1699 dederim).
918 1613 957 1677 In
975 1615 1091 1678 nostris
1106 1611 1196 1677 libris
1210 1622 1312 1678 totum

152 1713 258 1779 locum
273 1713 474 1799 glossematis
495 1715 697 1800 inquinatum
712 1735 791 1796 esse,
813 1736 852 1779 ea
867 1736 1005 1802 quoque,
1028 1735 1111 1801 quae
1127 1723 1313 1801 sequuntur,

152 1815 251 1880 verba
272 1816 402 1881 docent:
426 1838 528 1902 „quae
551 1815 673 1880 scilicet
694 1823 818 1880 tacente
839 1817 912 1902 ipso
931 1815 1057 1881 occulta
1071 1819 1211 1903 pectoris
1225 1826 1313 1903 pate·

152 1919 305 2001 fecisse“‚
332 1940 415 2005 quae
444 1920 568 2004 primus
594 1915 782 1982 Dietschius
806 1919 853 2003 (p.
875 1919 929 2004 99)
960 1920 994 1981 in
1014 1918 1149 1984 dubium
1171 1920 1313 1984 vocavit:

153 2043 192 2085 ea
211 2020 312 2100 verba
333 2018 422 2102 mihi,
445 2021 520 2105 quia
542 2024 667 2105 „quae“
696 2041 762 2083 non
783 2017 888 2083 solum
915 2019 958 2083 ad
984 2019 1109 2100 vultus,
1139 2020 1313 2086 sedetiam

153 2121 196 2187 ad
217 2124 317 2188 animi
337 2122 508 2186 varietates
529 2129 623 2186 antea
645 2129 910 2185 commemoratas
935 2128 1079 2206 spectare
1101 2143 1234 2187 necesse
1256 2134 1314 2206 est,

155 2226 283 2288 omnino
310 2224 386 2289 ferri
415 2245 479 2288 non
505 2245 600 2310 posse
621 2222 816 2311 videntum).
873 2223 947 2287 Hoc
967 2221 1158 2307 glossemate
1183 2235 1314 2310 recepto

154 2328 251 2391 etiam
272 2325 432 2411 glossema
454 2327 639 2412 „corporis“
661 2328 733 2390 voci
755 2325 887 2408 „vultu“
909 2327 1085 2410 ascriptum
1106 2346 1188 2408 esse,
1214 2325 1315 2390 credi·
1376 2317 1377 2320 ¹

154 2426 218 2492 bile
232 2426 371 2493 videtur:
389 2427 585 2493 simillimum
600 2435 649 2492 est
662 2426 823 2512 glossema
838 2427 1035 2510 „hostibus“‚
1050 2427 1139 2514 quod
1150 2427 1219 2492 Cat.
1234 2429 1315 2510 12,5

154 2531 187 2594 in
209 2528 370 2593 nonnullis
393 2528 558 2594 codicibus
573 2527 719 2594 additum
741 2536 790 2592 est
811 2549 831 2590 a
851 2526 1000 2612 librariis,
1024 2530 1079 2615 qui
1093 2527 1212 2594 habere
1227 2528 1315 2593 volu-

158 2641 266 2712 erunt,
295 2630 382 2718 quod
411 2631 594 2716 oppositum
624 2639 710 2696 esset
730 2631 803 2696 voci
825 2631 969 2713 „sociis“,
991 2639 1156 2716 praeterea
1182 2633 1315 2716 „vivum

155 2734 226 2799 Oat.
248 2734 299 2815 61,
315 2733 350 2815 2,
373 2733 414 2797 de
436 2754 499 2820 quo
520 2731 591 2798 loco
613 2732 698 2797 infra
720 2732 892 2797 dicendum
914 2741 972 2800 est.
1030 2733 1222 2818 Hieronymi
1242 2732 1315 2817 loci,

155 2858 237 2923 quos
252 2836 437 2901 Dietschius
458 2836 607 2922 ascripsit
630 2834 770 2923 (Comm.
785 2835 819 2898 in
833 2833 951 2901 Erech.
967 2835 1021 2902 lib.
1034 2836 1094 2918 III,
1110 2837 1149 2904 Τ.
1160 2836 1200 2918 V,
1215 2860 1249 2922 p.
1261 2837 1316 2919 853

153 2943 187 3004 in
209 2940 298 3004 Matt.
316 2940 366 3021 15,
384 2940 432 3020 19,
453 2937 493 3004 Τ.
509 2938 583 3022 VII,
604 2961 638 3025 p.
656 2937 741 3024 115),
763 2936 813 3001 ad.
835 2937 911 3022 Jug.
933 2938 1038 3021 113,3
1060 2937 1139 3002 mihi
1159 2960 1224 3003 non
1245 2962 1316 3024 per·

154 3043 254 3107 tinere
275 3040 438 3122 videntum
461 3039 574 3105 eodem
590 3042 664 3125 jure
686 3060 741 3104 eos
764 3040 876 3104 referri
897 3047 975 3125 puto
997 3039 1040 3104 ad
1062 3040 1132 3105 Cat.
1154 3042 1203 3122 15,
1218 3041 1315 3106 4-5:

155 3143 240 3208 unde
262 3142 358 3208 etiam
380 3140 574 3225 glossemata
594 3141 658 3225 illa,
681 3141 979 3228 quaeJug.113,3
1000 3142 1207 3205 inveniuntur
1229 3145 1316 3227 („co-
1362 3170 1365 3175 ·

153 3245 231 3327 loro,
253 3245 387 3330 mour),
410 3250 442 3307 et
464 3243 618 3328 „oculis“,
641 3242 728 3331 quod
744 3241 879 3307 Servius
897 3241 985 3327 legit,
1007 3243 1108 3328 petita
1130 3266 1199 3310 esse
1216 3243 1315 3308 credi-

154 3346 219 3414 bile
241 3356 297 3412 est.

128 3533 131 3537 ,
239 3449 382 3518 Transeo
404 3447 446 3512 ad
467 3448 547 3534 Jup.
570 3447 620 3528 89,
636 3447 667 3527 5,
695 3445 752 3511 ubi
779 3446 814 3510 in
842 3445 933 3510 libris
961 3453 1025 3511 est:
1056 3447 1160 3529 „Nam
1187 3456 1316 3533 praeter

155 3552 275 3637 oppido
297 3551 480 3636 propinqua
501 3549 564 3612 alia
586 3548 695 3613 omnia
715 3557 807 3614 vasta
832 3549 962 3633 inculta,
985 3551 1113 3636 egentia
1133 3570 1247 3637 aquae,
1269 3551 1315 3613 in-

232 3703 255 3770 ι)
274 3707 334 3756 Hoc
354 3720 445 3756 omnes
465 3703 525 3754 libri
544 3703 700 3754 Sallustiani
719 3710 819 3755 tenent.

231 3796 255 3861 ²)
277 3794 403 3862 ,ΜΝ
429 3800 517 3848 utrum
543 3794 651 3867 Servius
672 3796 701 3844 in
726 3810 774 3846 suo
800 3795 868 3845 libro
891 3795 986 3862 legerit
1011 3812 1046 3846 an
1065 3796 1242 3862 negligentius
1266 3811 1315 3860 pro

159 3885 280 3954 „varius“
308 3889 443 3953 scripserit
466 3903 501 3937 an
525 3887 625 3938 librarii
648 3886 773 3936 mendum
800 3889 834 3937 sit
849 3885 978 3953 („oarus“
999 3888 1051 3955 V),
1080 3890 1110 3939 in
1128 3889 1216 3938 modio
1236 3886 1314 3936 relin-

158 3979 291 4044 quendum
314 3983 362 4028 est.

230 4068 255 4136 ³)
275 4070 414 4120 Accedunt
433 4072 573 4122 varietates
593 4070 737 4135 scripturae
757 4069 804 4134 (cf.
823 4067 965 4135 Dietsch.).
