2926 4492
724 79 745 140 4

663 165 811 175 .-....-—-—--

156 275 211 362 qui
226 273 436 360 scriptoribus
449 276 591 362 antiquis
605 284 637 342 et
650 278 868 362 grammaticis
882 277 924 342 ad
938 299 1054 345 manus
1068 290 1185 364 essent,
1205 280 1313 367 aliqua

156 398 198 442 ex
219 386 309 462 parte
331 376 474 461 corrupti
491 377 618 442 fuerint.
655 369 741 442 Nam'
753 380 928 465 antiquitus
943 382 978 444 in
993 381 1137 448 Sallustii
1151 384 1312 469 exempla-

155 479 246 542 ribus
267 478 409 542 sinceras
430 475 582 542 lectiones
604 479 879 565 importunissime
901 490 1039 548 mutatas
1061 505 1131 549 esse
1153 486 1243 550 testis
1265 493 1313 549 est

156 579 280 644 Gellius
296 581 336 645 N.
352 581 392 644 A.
408 579 485 661 XX,
501 581 532 662 6,
549 581 597 645 14.
618 621 658 630 -
679 583 731 647 De
752 581 861 647 multis
875 584 1066 649 testimoniis
1081 587 1184 650 Fabri
1193 589 1263 672 jam
1278 589 1311 650 in

155 682 295 748 editione
316 682 456 747 breviter
476 681 573 765 dixit;
596 683 766 748 Brentooo
791 684 845 772 (dc
862 683 1004 751 Sallustii
1026 686 1190 752 codicibus
1204 709 1311 754 recen-

155 784 450 869 sendisp.27-38)
463 805 500 848 eo
513 782 656 867 consilio,
667 794 703 849 ut
713 786 853 850 secundo
865 787 975 870 generi
985 785 1139 853 librorum
1150 789 1313 854 Sallustia-

154 908 269 950 norum
298 884 421 952 nullum
447 886 644 970 praesidium
665 907 708 949 ex
728 888 774 952 eis
797 889 873 952 oriri
895 889 1086 972 ostenderet,
1113 893 1313 957 enumeravit

155 989 259 1073 magis
280 1007 376 1073 quarn
399 989 608 1072 pertractavit
625 990 806 1052 testimonia
821 990 988 1071 Prisciani,
1012 989 1159 1075 Charisii,
1180 993 1313 1056 Diome·

155 1089 215 1171 dis,
239 1087 344 1170 Gellii,
363 1088 472 1171 Nonii,
488 1089 678 1171 Sacerdotis
693 1091 802 1172 Probi,
819 1090 1018 1175 Quintiliani,
1032 1094 1214 1176 Frontonis,
1229 1093 1312 1159 Aru-

155 1192 246 1272 siani,
257 1191 388 1271 Donati,
402 1189 518 1273 Servii,
527 1192 708 1276 Augustini,
721 1191 888 1275 Lactantii,
898 1193 1097 1278 Hieronymi.
1120 1194 1311 1262 Accuratius

155 1292 194 1358 de
207 1294 396 1358 testimoniis
409 1291 557 1374 Charisii,
568 1293 747 1376 Diomedis,
756 1294 912 1358 Prisciani
923 1294 1073 1360 disseruit
1081 1299 1205 1362 Anbalt
1214 1299 1310 1383 (quae

152 1396 235 1460 ratio
257 1397 290 1459 in
311 1395 401 1459 libris
422 1394 627 1459 recensendis
643 1394 718 1460 Sall.
732 1403 820 1460 recte
842 1394 988 1460 adhiberi
1001 1397 1158 1482 videatur,
1180 1421 1211 1484 p.
1227 1400 1309 1463 25-

152 1498 219 1583 38),
242 1519 426 1583 quanquam
448 1496 488 1561 de
510 1497 619 1562 multis
642 1499 803 1584 copiosius
818 1497 884 1562 dici
900 1499 1078 1583 oportebat.
1115 1502 1222 1582 Quare
1237 1523 1309 1563 curn

151 1599 192 1663 de
222 1597 329 1663 multis
356 1597 548 1662 lectionibus
578 1593 770 1684 scriptorum
797 1607 828 1664 et
855 1601 1137 1684 grammaticorum
1165 1610 1308 1665 veterum

152 1699 240 1764 haud
267 1701 343 1764 satis
372 1709 531 1782 accurate,
558 1700 599 1764 de
628 1699 790 1787 plerisque
812 1703 941 1766 omnino
967 1724 1034 1765 non
1054 1702 1236 1786 expositum
1258 1701 1309 1783 sit,

151 1802 334 1869 testimonia
349 1801 456 1865 omnia
476 1810 671 1886 pertractare
685 1803 818 1868 institui.
860 1803 993 1889 Inspexi
1007 1801 1161 1866 editiones
1176 1803 1310 1866 novissi-

150 1926 221 1968 mas
236 1914 268 1969 et
282 1926 324 1967 ex
338 1904 384 1967 eis
407 1913 557 1968 accurate
578 1904 730 1968 lectiones
746 1907 933 1991 transcripsi
949 1943 989 1953 -
1003 1902 1092 1989 apud
1106 1901 1308 1968 Dietschium

151 2003 311 2091 permulta
333 2004 523 2088 corrigenda
544 2015 628 2088 sunt,
651 2027 732 2091 quae
748 2009 855 2069 omnia
876 2006 959 2070 infra
974 2027 1163 2070 enumerare
1178 2003 1309 2090 longum

151 2116 199 2173 est
222 2143 260 2154 -
283 2109 429 2191 congessi
456 2108 708 2194 uniuscujusque
737 2109 904 2194 scriptoris
933 2110 1115 2174 testimonia
1142 2118 1174 2172 et
1199 2107 1309 2171 addidi

150 2232 197 2292 ea,
222 2231 304 2295 quae
325 2231 345 2271 s
366 2207 534 2272 Dietschio
557 2218 590 2273 et
608 2209 794 2274 Woelfflino
815 2213 1045 2294 praetermissa
1065 2218 1150 2273 sunt.
1194 2210 1308 2290 Singu-

148 2309 252 2375 lorum
275 2310 467 2395 seriptcrum
489 2311 672 2375 testimonia
694 2310 865 2374 observato
887 2319 1066 2396 temporum
1089 2307 1200 2371 ordine
1219 2329 1308 2371 enar-

149 2413 228 2477 rabo
250 2433 298 2493 ac,
321 2411 349 2474 si
371 2412 539 2478 varietates
562 2411 707 2477 lectionis
729 2412 944 2492 inveniuntur,
966 2408 1139 2475 removebo
1154 2430 1201 2490 ea,
1225 2429 1307 2493 quae

149 2523 205 2579 aut
231 2514 378 2578 inscitiae
407 2514 620 2599 incuriaeque
646 2513 851 2578 librariorum
877 2521 933 2576 aut
961 2511 1181 2595 indiligentiae
1210 2519 1307 2595 atque

149 2615 315 2680 socordiae
343 2617 535 2700 scriptorum
562 2614 733 2680 tribuenda
753 2615 935 2696 videantur,
964 2613 1004 2676 de
1034 2613 1080 2675 eis
1107 2611 1197 2694 locis,
1227 2633 1308 2698 quos

150 2718 185 2780 in
204 2715 312 2800 libris,
342 2716 460 2802 quibus
487 2718 658 2803 scriptores
686 2726 812 2782 veteres
841 2717 891 2779 usi
920 2722 1002 2796 sunt,
1031 2712 1121 2778 aliter
1149 2722 1245 2801 atque
1274 2715 1308 2776 in

150 2820 267 2883 nostris
297 2818 462 2883 codicibus
492 2821 629 2904 scriptos
660 2818 760 2882 fuisse
788 2816 959 2881 dicendum
990 2816 1099 2898 fuerit,
1130 2815 1307 2901 dijudicare

104 2994 115 3001 ,
153 2920 305 3004 conabor,
327 2931 435 2986 utrum
452 2920 636 2986 Sallustium
652 2921 697 2984 ita
712 2919 880 3005 scripsisse
895 2940 936 2981 an
950 2917 1078 2999 librum,
1094 2939 1157 3003 quo
1172 2917 1309 2998 scriptor

153 3044 230 3086 usus
260 3035 317 3104 est,
342 3025 411 3110 jam
441 3031 626 3107 corruptum
654 3021 753 3085 fuisse
780 3019 1028 3084 existimandum
1058 3021 1108 3086 sit.
1151 3017 1308 3080 Excussis

150 3125 340 3189 testimoniis
362 3124 510 3189 omnibus
533 3144 615 3209 quae
631 3122 777 3188 concludi
800 3130 936 3207 possunt
949 3122 988 3186 de
1003 3129 1096 3185 textu
1112 3117 1307 3183 Sullustiano

150 3247 199 3306 co,
220 3227 275 3311 qui
297 3234 369 3289 ante
392 3234 573 3289 nostrorum
588 3224 741 3289 librorum
757 3233 894 3290 aetatem
909 3222 1110 3309 vulgabatur,
1127 3219 1308 3304 colligenda

150 3335 240 3410 sunt3
263 3325 489 3412 exponendum
512 3327 581 3408 crit,
605 3348 687 3412 quae
708 3328 858 3414 antiquis,
882 3348 963 3412 quae
984 3323 1215 3390 recentioribus
1230 3332 1315 3386 tem-v

152 3417 285 3515 poribus
306 3429 340 3491 in
368 3425 458 3491 libris
480 3424 623 3491 Sallustii
650 3427 841 3513 interpolata
867 3449 907 3492 ao
933 3427 1107 3513 depravata
1133 3446 1205 3488 esse
1234 3445 1308 3486 con-

151 3531 273 3594 firmari
293 3528 404 3614 possit,
428 3527 547 3614 quibus
569 3531 777 3615 scriptoribus
798 3529 949 3595 meliores
964 3537 995 3594 et
1015 3528 1204 3612 integriores
1223 3523 1308 3606 libri,

152 3633 271 3720 quibus
287 3633 355 3717 jam
378 3633 594 3716 corruptiores
615 3631 656 3695 ad
678 3654 791 3696 manus
812 3632 941 3716 fuerint,
969 3652 1105 3717 quorum
1126 3636 1308 3692 nostrorum

152 3734 302 3800 codicum
323 3733 513 3797 testimoniis
534 3743 677 3798 veterum
700 3738 915 3816 confirmetur,
944 3754 1080 3818 quorum
1101 3731 1310 3795 imminuatur

151 3836 343 3916 auctoritas:
372 3834 455 3900 hanc
484 3835 616 3901 alteram
645 3838 742 3902 totius
769 3836 965 3923 quaestionis
987 3842 1110 3920 partem
1132 3832 1309 3918 posteriore

152 3948 296 4023 tempore
319 3938 458 4003 edemus.
