2926 4492
611 39 760 132 Q

111 239 242 323 bantur)
272 245 304 302 et
333 235 507 328 glossema·
528 233 711 319 „moribus“
742 256 851 300 veram
880 233 1051 301 lectionem
1080 239 1269 305 exturbasse
1379 258 1383 267 ·

110 342 195 406 sicut
217 338 379 426 „legibus“
404 340 437 402 in
457 337 633 421 Augustini
654 335 832 422 exemplari
852 358 965 402 vocem
989 339 1165 424 „civibus“,
1187 363 1269 428 quae

110 443 239 507 omnino
262 439 375 506 abesse
396 440 517 526 nequit,
540 440 661 524 optime
682 446 790 524 potest
811 439 954 524 cogitari.

197 544 268 610 Cat.
283 541 369 625 54,6
391 539 535 605 nonnulli
556 538 631 606 libri
649 538 816 607 exhibent:
839 541 904 624 ,ita
925 563 989 628 quo
1010 543 1117 607 minus
1138 543 1270 630 petebat

109 643 255 731 gloriam,
277 668 313 710 eo
335 644 443 730 magio
463 641 556 706 illam
577 642 787 727 sequebatar“
812 644 885 730 („eo
907 644 1011 729 magis
1030 644 1269 734 sequebatur“),

109 747 182 811 alii:
206 769 261 830 „ao
282 749 390 832 magis
410 744 504 810 illam
519 743 771 828 assequebatar“
794 746 868 828 („eo
889 743 980 809 illum
1001 748 1105 832 magis
1122 771 1269 836 asseque-

110 848 252 933 batur“),
274 846 342 911 alii:
359 869 414 930 ,co
429 847 537 932 magis
552 843 644 909 illam
660 846 928 929 assequebatar“;
952 845 1150 933 Augustinus
1171 851 1202 933 V,
1216 852 1269 916 12:

112 975 167 1037 „eo
189 950 282 1015 illam
296 949 404 1035 magis
423 946 643 1032 sequebatar“.
685 946 822 1032 Propter
835 947 918 1012 hanc
932 948 1181 1037 discrepantiam
1197 974 1270 1039 pro-

110 1074 227 1118 nomen
250 1050 379 1134 ,illum“
401 1048 454 1114 vel
476 1046 567 1129 „illa“
599 1047 747 1133 (verbum
771 1048 1060 1137 ,assequebatur“,
1089 1054 1176 1140 quod
1204 1076 1270 1119 om·

97 1156 186 1220 ‘nino
214 1154 291 1219 ferri
315 1175 381 1217 non
407 1172 503 1238 posse
532 1149 717 1214 Dietschius
738 1171 771 1236 p.
796 1153 856 1216 113
887 1152 1039 1237 ostendit,
1068 1177 1087 1219 e
1114 1157 1271 1241 scriptura

111 1255 189 1333 „illa
209 1255 423 1343 sequebatur“
446 1260 557 1317 natum
580 1273 651 1317 esse
665 1251 805 1340 videtur)
829 1252 989 1339 glossema
1010 1277 1081 1321 esse
1102 1279 1162 1342 pro
1183 1267 1269 1324 certo

110 1360 224 1424 habeo.
267 1357 411 1437 Accedit,
434 1354 521 1441 quod
542 1354 734 1440 pronomina
755 1354 883 1430 „illum“
906 1365 963 1421 aut
985 1356 1077 1441 ,ilar
1093 1358 1180 1423 haud
1195 1368 1269 1446 apte

109 1462 362 1545 interponuntur,
382 1458 468 1542 quia,
483 1455 569 1541 quod
585 1456 768 1542 oppositum
784 1457 833 1540 sit,
848 1479 913 1522 non
926 1457 1056 1544 habent,
1071 1460 1128 1527 sed
1143 1482 1270 1525 summa

110 1562 285 1627 sententiae
302 1599 340 1609 -
356 1558 443 1646 quod
451 1560 523 1646 jam
536 1558 658 1626 indicat
672 1557 751 1623 ordo
765 1559 939 1626 verborum
955 1563 1100 1646 „petebat
1113 1562 1267 1649 gloriam“

111 1701 152 1712 -
174 1687 216 1729 ex
238 1661 440 1750 oppositione
461 1658 632 1725 verborum
655 1660 823 1746 ,petebat“
841 1670 873 1727 et
889 1663 1121 1749 ,sequebatur“
1137 1663 1267 1749 pendet.

111 1764 259 1831 Oonfemi
280 1771 406 1850 oportet
430 1761 550 1827 similes
578 1761 714 1828 aliorum
743 1765 936 1849 scriptorum
967 1767 1158 1849 sententias,
1187 1787 1268 1853 quas

110 1867 296 1933 Dietschius
324 1864 604 1947 commemoravit,
632 1867 773 1931 maxime
802 1865 884 1928 Plin.
906 1889 956 1952 ep.
978 1867 1006 1950 1,
1025 1869 1125 1950 8,14:
1157 1869 1269 1954 ,sequi

110 1971 197 2036 enim
218 1966 335 2052 gloria,
364 1987 429 2030 non
456 1964 566 2050 adpeti
587 1965 716 2050 debet“,
746 1974 913 2052 praeterea
940 1968 992 2050 id,
1020 1968 1106 2054 quod
1128 1968 1168 2035 de
1189 1990 1269 2034 voce

113 2071 242 2157 ,sequi“
259 2068 359 2134 Fabri
373 2065 548 2136 adnotavit.
592 2067 635 2130 Et
655 2068 690 2130 in
711 2077 823 2153 aperto
845 2078 902 2151 cst,
925 2090 983 2133 cur
999 2069 1122 2134 librarii
1138 2069 1266 2155 ,illum“

111 2181 166 2239 aut
196 2170 287 2257 ,illa“
316 2169 533 2256 adjiciendum
560 2171 759 2254 putaverint:
794 2169 995 2235 offenderunt
1026 2171 1112 2235 enim
1139 2174 1269 2256 partim,

111 2274 197 2361 quod
221 2275 352 2360 „aequm
366 2271 513 2337 absolute
533 2270 692 2357 prolatum
708 2279 765 2354 est,
787 2273 905 2357 partim
921 2272 1008 2357 quod
1023 2272 1267 2357 substantivum,

112 2376 199 2462 quod
213 2379 247 2440 in
261 2374 463 2442 antecedenti
478 2374 635 2440 sententia
650 2373 780 2460 obliquo
796 2396 873 2438 casu
887 2381 1077 2461 usurpatum
1092 2384 1150 2458 est,
1171 2376 1268 2442 tacito

110 2499 169 2564 pro
183 2479 335 2564 subjecto
356 2476 500 2541 infertur.
549 2475 622 2540 Hoc
644 2497 740 2562 saepe
762 2476 849 2562 apud
871 2475 1058 2541 Sallustium
1079 2477 1150 2542 fieri
1170 2499 1269 2562 supra

105 2581 174 2666 jam
196 2580 417 2664 exposuimus3
446 2577 534 2642 adde
552 2599 639 2641 nunc
668 2576 819 2642 nonnulla
845 2576 1009 2664 exempla,
1037 2579 1177 2664 primum
1198 2580 1269 2663 tria,

111 2702 194 2767 quae
215 2678 287 2745 loco
310 2679 380 2746 Oat.
402 2679 488 2762 54,6
517 2677 678 2744 simillima
704 2689 791 2745 sunt:
824 2678 1081 2744 subaudiendum
1109 2689 1159 2745 est
1185 2683 1269 2745 enim

110 2805 169 2868 pro
191 2781 335 2868 subjecto
350 2784 384 2845 in
399 2782 567 2846 enunciata
582 2783 734 2867 primario
750 2781 996 2864 substantivum,
1019 2780 1107 2867 quod
1127 2783 1161 2845 in
1183 2792 1270 2849 ante-

111 2884 235 2950 cedenti
250 2885 418 2950 enunciato
434 2884 621 2950 secundario
637 2883 767 2971 obliquo
783 2907 860 2949 casu
874 2886 1014 2970 positum
1030 2884 1091 2949 est:
1107 2882 1177 2948 Cat.
1189 2886 1270 2967 51‚3

111 2985 181 3072 (ubi
209 2987 383 3052 intenderis
403 2987 585 3071 ingenium,
615 2986 733 3072 valet);
764 2987 840 3072 Jug.
863 2987 921 3069 67,
943 2989 964 3052 3
990 2987 1084 3072 (nisi,
1115 2988 1192 3072 quia
1217 2988 1270 3052 itti

109 3088 212 3173 turpis
234 3088 301 3152 vita
319 3089 426 3174 potior
438 3086 510 3169 fuit,
530 3088 697 3174 improbus
711 3085 967 3172 intestabilisque
982 3089 1139 3175 videtur);
1163 3090 1269 3172 14,13

111 3187 212 3276 (quod
232 3190 267 3252 in
288 3188 409 3253 familia
428 3199 538 3254 nostra
562 3189 637 3274 fuit,
663 3191 847 3277 praestitit).
904 3191 943 3254 In
965 3191 1136 3254 enunciata
1158 3212 1269 3255 secun-

110 3290 201 3355 dario
224 3290 474 3375 substantivum,
504 3291 590 3379 quod
616 3293 650 3355 in
675 3293 842 3357 enunciata
864 3291 1017 3377 primario
1040 3290 1169 3377 obliquo
1192 3313 1269 3356 casu

109 3401 300 3480 usurpatum
333 3403 417 3476 erat,
448 3396 545 3459 tacite
576 3415 635 3478 pro
668 3393 812 3478 subjecto
845 3394 993 3459 infertur:
1025 3394 1088 3479 Ep.
1117 3391 1268 3460 Mithri)

110 3493 330 3580 (Bithyniam,
361 3497 536 3561 Nicomede
567 3504 709 3576 mamae,
742 3494 919 3581 diripuere,
952 3519 1026 3561 cnm
1055 3495 1139 3561 filius
1168 3497 1268 3582 Nysa,

110 3616 208 3681 quam
217 3599 362 3682 reginam
374 3598 607 3682 appellaverat,
621 3599 749 3684 genitus
764 3596 958 3664 hauddubie
974 3601 1085 3686 esset);
1102 3599 1172 3664 Ost.
1187 3599 1235 3682 19,
1250 3600 1266 3661 1
1324 3608 1328 3613 “

111 3699 242 3782 (missus
270 3707 333 3782 est,
363 3698 525 3765 adnitente
549 3700 685 3783 masso,
714 3701 799 3787 quod
827 3723 901 3764 eum
922 3700 1073 3767 infestum
1101 3702 1266 3766 inimicum

110 3798 170 3863 On.
184 3799 341 3887 Pompejo
356 3803 584 3887 cognoverat),
599 3803 683 3884 40‚5
698 3804 896 3889 (propinqua
911 3805 1010 3889 (παι),
1025 3805 1108 3887 cluo
1125 3808 1267 3894 (praetor

110 3904 209 3988 erat);
231 3901 306 3985 Jug.
328 3901 412 3984 55,1
438 3905 588 3992 (cognitis
610 3905 731 3970 Metelli
752 3905 863 3988 rebus,
887 3915 922 3970 ut
947 3945 981 3954 -—
1006 3909 1158 3993 praesag
1180 3907 1266 3988 86,3

110 4005 182 4089 (per
203 4002 581 4097 ambitionemcoasalis
604 4047 658 4092 -,
688 4008 774 4094 quod
804 4006 846 4072 ab
874 4030 912 4072 co
940 4029 1060 4091 genero
1089 4009 1266 4073 celebratae

122 4132 145 4143 ,d
